1934 3220
341 136 573 178 MANILI

342 248 558 292 Pieridum
596 252 784 293 numeris
820 253 953 293 etiarn
989 251 1213 293 modulata
1244 252 1430 303 canenti,

341 321 518 362 quoque
549 310 656 351 deus
687 315 840 363 regnat
873 309 1092 351 reuocanti
1125 322 1285 350 numen
1320 310 1361 349 in
1394 316 1499 358 arte,

341 379 417 420 per
448 373 593 420 partes
625 367 824 408 ducenda
857 366 977 418 fides,
1009 373 1050 408 et
1083 367 1254 421 singula
1286 380 1427 408 rerum

340 431 440 466 sunt
474 425 681 478 gradibus
714 425 926 465 tradenda
957 425 1055 474 suis,
1082 430 1128 465 ut
1160 438 1257 466 cum
1292 425 1438 466 omnia
1468 431 1583 466 certa
1729 439 1793 475 770

340 482 497 523 notitia
531 482 746 532 steterint,
778 483 976 536 proprios
1008 490 1264 523 reuocentur
1296 483 1350 523 ad
1390 496 1504 524 usus.

340 553 389 581 ac
421 539 541 581 uelut
573 540 614 580 in
647 540 774 581 nudis
805 553 901 580 curn
937 546 1119 593 surgunt
1154 541 1376 581 montibus
1410 540 1549 591 urbes,

340 598 541 639 conditor
575 604 617 637 et
656 610 816 638 uacuos
850 598 981 638 muris
1016 598 1283 639 circumdare
1318 597 1448 639 colles

341 655 545 706 destinat,
580 662 682 697 ante
717 669 870 697 manus
905 669 1037 709 quam
1071 662 1259 709 temptet
1290 656 1485 698 scindere
1516 655 1664 707 fossas,

341 713 509 766 quaerit
539 726 668 766 opes:
706 713 790 754 ruit
824 727 924 755 ecce
956 727 1122 764 nemus,
1154 714 1375 768 saltusque
1407 714 1565 756 uetusti
1730 728 1791 763 775

340 771 633 824 procumbunt
667 770 891 825 solemque
924 785 1106 822 nouum,
1136 785 1249 813 noua
1282 773 1425 814 sidera
1456 778 1665 822 cernunt;

340 827 513 883 pellitur
546 842 675 870 omne
711 829 806 871 loco
839 829 1065 871 uolucrum
1097 843 1233 883 genus
1264 836 1396 884 atque
1427 829 1624 879 ferarum,

340 885 630 941 antiquasque
663 887 820 929 domos
853 894 897 929 et
931 894 1036 930 nota
1070 887 1226 929 cubilia
1261 887 1476 941 linquunt.

342 951 411 985 ast
444 944 516 985 alii
551 945 715 986 silicem
749 946 790 985 in
825 959 971 987 muros
1002 952 1046 987 et
1081 959 1297 986 marmora
1329 947 1505 1000 templis

340 1002 561 1050 rimantur,
591 1002 778 1057 ferrique
811 1004 926 1058 rigor
957 1017 1034 1057 per
1064 1009 1262 1057 tempora
1294 1010 1399 1045 nota
1731 1013 1794 1052 780

340 1061 587 1114 quaeritur;
624 1061 722 1102 hinc
754 1067 880 1111 artes,
912 1061 1011 1102 hinc
1045 1063 1186 1102 omnis
1219 1063 1425 1103 conuenit
1458 1075 1582 1103 usus:

339 1125 442 1160 tunc
475 1118 653 1160 demum
686 1119 908 1173 consurgit
938 1133 1062 1172 opuS,
1100 1133 1197 1161 cum
1232 1126 1386 1162 cuncta
1420 1125 1664 1174 supersunt,

340 1190 393 1218 ne
427 1177 592 1218 medios
624 1185 799 1231 rumpat
831 1191 979 1218 cursus
1011 1184 1290 1231 praepostera
1321 1192 1435 1220 cura.

341 1234 401 1276 sic
435 1234 539 1275 mihi
575 1236 794 1277 cunctanti
826 1241 977 1276 tantae
1013 1235 1245 1276 succedere
1276 1235 1380 1277 moli

341 1293 543 1334 materies
576 1293 764 1347 primum
798 1307 950 1342 rerum,
985 1294 1151 1334 ratione
1182 1300 1362 1344 remota,
1733 1301 1793 1341 785

339 1350 552 1392 tradenda
582 1357 659 1401 est,
692 1352 803 1392 ratio
834 1351 888 1392 sit
920 1364 974 1393 ne
1005 1358 1104 1405 post
1137 1351 1265 1401 irrita,
1297 1364 1408 1393 neue

339 1415 600 1463 argumenta
634 1409 757 1450 nouis
791 1415 995 1464 stupeant
1030 1409 1250 1451 nascentia
1281 1410 1422 1451 rebus.

396 1480 500 1519 ergo
533 1480 627 1521 age,
660 1468 887 1509 noscendis
921 1466 1114 1508 animum
1151 1481 1365 1521 compone
1396 1481 1594 1521 sagacem

339 1524 599 1577 cardinibus,
621 1526 695 1578 qui
730 1539 806 1579 per
840 1525 1049 1566 mundum
1084 1532 1185 1567 sunt
1214 1531 1422 1578 quattuor
1451 1539 1604 1568 omnes

340 1582 541 1636 dispositi
574 1596 748 1636 semper
781 1589 1040 1637 mutantque
1072 1583 1269 1625 uolantia
1300 1584 1438 1638 signa.
1732 1599 1796 1633 790

341 1653 451 1681 unus
483 1641 538 1682 ab
571 1647 727 1682 exortu
760 1641 865 1682 caeli
899 1642 1115 1683 nascentis
1143 1642 1184 1682 in
1216 1642 1380 1691 orbem,

340 1712 426 1753 qua
458 1699 647 1753 primum
680 1705 816 1741 terras
848 1699 1017 1753 aequali
1050 1699 1188 1741 limite
1220 1699 1368 1741 cernit.

341 1757 449 1798 alter
485 1757 541 1798 ab
575 1758 760 1798 aduersa
792 1758 1059 1811 respondens
1090 1757 1278 1799 aetheris
1309 1771 1396 1805 ora,

342 1815 456 1855 unde
488 1814 598 1868 fugit
631 1815 820 1856 mundus
852 1829 1147 1869 praecepsque
1180 1816 1222 1855 in
1252 1816 1434 1857 Tartara
1467 1816 1621 1857 tendit.

341 1872 496 1914 tertius
527 1872 687 1914 excelsi
720 1873 864 1926 signat
896 1873 1068 1927 fastigia
1099 1873 1219 1924 caeli,
1732 1888 1795 1923 795

341 1944 428 1984 qua
459 1930 653 1971 defessus
684 1932 808 1984 equis
842 1930 1044 1972 Phoebus
1076 1931 1273 1973 subsistit
1305 1931 1471 1972 anhelis

340 1988 616 2041 declinatque
648 1989 762 2029 diem
798 1989 1053 2042 mediasque
1083 1989 1309 2031 examinat
1343 1990 1530 2031 umbras.

340 2047 428 2088 ima
460 2053 580 2087 tenet
614 2053 793 2100 quartus
827 2046 1011 2088 fundato
1043 2047 1201 2088 nobilis
1231 2048 1348 2095 orbe,

341 2106 383 2146 in
416 2118 504 2158 quo
538 2104 799 2159 principium
835 2111 900 2146 est
933 2105 1096 2147 reditus
1129 2104 1312 2158 finisque
1343 2105 1526 2146 cadendi

342 2163 568 2212 sideribus,
597 2164 847 2217 pariterque
880 2176 1059 2204 occasus
1090 2164 1225 2205 cernit
1256 2170 1298 2204 et
1331 2169 1464 2204 ortus.
1731 2171 1798 2203 800

340 2222 448 2263 haec
479 2220 575 2262 loca
607 2222 865 2275 praecipuas
898 2222 1010 2262 uires
1042 2234 1325 2274 summosque
1357 2234 1434 2276 per
1465 2227 1603 2262 artem

340 2281 527 2321 satorum
562 2279 741 2321 effectus
774 2279 977 2329 referunt,
1011 2279 1129 2332 quod
1165 2285 1286 2321 totus
1320 2279 1360 2320 in
1395 2278 1476 2320 illis

386 2415 446 2454 767
472 2414 607 2445 canenti
625 2412 698 2446 dett.
715 2425 720 2445 :
745 2414 888 2445 canendi
905 2413 993 2444 codd.
1132 2424 1194 2453 770
1218 2419 1252 2445 ut
1270 2413 1436 2455 Scalzjger:
1459 2418 1493 2444 et
1511 2413 1597 2445 codd.
1737 2423 1794 2454 771

342 2458 464 2489 nuncia
480 2457 627 2488 stiterint
639 2457 681 2488 M
767 2462 970 2489 reuocentur
987 2457 1289 2497 Regzbmontanus:
1316 2463 1518 2488 reuocantur
1531 2456 1621 2489 codd.
1737 2467 1798 2497 772

342 2501 479 2533 inundis
497 2501 538 2531 M
631 2511 705 2531 cum
724 2505 865 2540 surgunt
881 2499 1043 2542 Scaliger:
1068 2506 1279 2541 consurgunt
1296 2500 1383 2532 codd.
1483 2501 1584 2532 urbes
1600 2499 1797 2542 Regiomon-

341 2550 442 2577 tanus
457 2555 463 2575 :
488 2544 589 2575 orbes
606 2543 695 2576 codd.
839 2554 900 2584 773
927 2545 1083 2576 conditor
1099 2544 1173 2575 dett.
1189 2556 1195 2575 :
1220 2545 1376 2576 conditur
1392 2544 1481 2575 codd.
1617 2555 1677 2585 774
1702 2555 1796 2576 scen-

341 2590 421 2620 dere
438 2587 480 2618 M
619 2597 681 2627 775
706 2589 832 2628 quaerit
848 2598 932 2628 opes
948 2588 1078 2629 scripsi:
1105 2588 1206 2619 uertit
1223 2598 1309 2629 opus
1325 2587 1415 2620 codd.
1566 2589 1628 2627 778
1651 2593 1796 2628 notaque

342 2631 462 2664 cubilia
477 2631 599 2662 cubilia
616 2630 658 2660 M
743 2631 863 2671 linquit
882 2631 922 2662 G¹
939 2643 945 2662 ι
971 2631 1102 2671 linqunt
1122 2631 1164 2663 G2
1337 2641 1400 2671 779
1423 2631 1465 2663 ali
1483 2631 1524 2662 M
1609 2631 1746 2672 templis
1762 2632 1795 2662 in

342 2675 434 2707 nulla
451 2674 589 2705 editione
605 2678 679 2705 ante
695 2673 853 2715 Scalzgerz'
864 2676 1011 2715 primam
1029 2676 1161 2706 inueni:
1186 2675 1302 2714 templi
1319 2675 1409 2706 codd.
1636 2675 1693 2714 781
1720 2675 1796 2707 huic

342 2725 433 2750 artes
453 2717 501 2749 G:
526 2718 601 2748 hinc
618 2723 709 2749 artes
727 2718 820 2759 (hinc
837 2719 871 2749 in
888 2719 970 2759 ras.)
989 2718 1017 2748 L
1151 2718 1259 2749 omnis
1276 2729 1341 2750 om.
1360 2718 1402 2749 M
1557 2719 1618 2759 784
1643 2718 1697 2749 hic
1719 2718 1794 2749 Ven.

344 2763 407 2802 788
430 2765 504 2792 ante
519 2760 606 2791 hunc
621 2772 653 2794 u.
671 2761 793 2793 lemma
810 2763 843 2792 in
864 2762 935 2793 GM
947 2765 976 2792 et
991 2772 1100 2802 marg.
1120 2762 1148 2792 L
1166 2762 1208 2793 de
1224 2763 1416 2794 cardinibus
1433 2762 1548 2793 mundi
1736 2763 1798 2801 789

343 2815 461 2839 omnes
480 2804 529 2837 G:
553 2804 627 2836 &fii—s
644 2804 718 2836 LM
912 2815 973 2845 792
997 2815 1060 2845 qua
1077 2804 1168 2837 LM:
1193 2806 1247 2845 qui
1268 2805 1296 2837 G
1399 2806 1506 2837 cernit
1523 2805 1576 2846 (-it
1594 2806 1627 2838 in
1645 2805 1727 2847 ναε.)
1748 2804 1777 2836 G
1792 2817 1798 2839 t

1044 2859 1099 2912 48
