1934 3220
296 123 527 168 MANILI

296 250 377 279 nec
409 238 561 279 melior
592 250 722 291 super
753 250 932 280 occasus
962 247 1201 293 contraque
1231 240 1312 280 sub
1342 247 1440 282 ortu

295 309 388 337 sors
420 296 565 350 agitur
597 297 756 339 mundi.
820 310 1028 351 praeceps
1059 298 1181 349 haec,
1213 296 1286 337 illa
1318 297 1472 351 supina

296 354 494 408 pendens
529 359 604 396 aut
639 354 796 396 metuit
827 353 971 395 uicino
1004 355 1177 396 cardine
1209 354 1352 402 finem,

295 418 372 453 aut
405 412 605 453 fraudata
637 412 777 453 cadet.
843 412 998 453 merito
1029 411 1260 466 Typhonis
1292 412 1506 454 habentur

293 469 535 511 horrendae
566 469 701 519 sedes,
734 483 864 523 quem
898 469 1027 511 tellus
1058 483 1188 511 saeua
1219 470 1424 524 profudit,
1689 481 1752 521 875

294 540 394 567 curn
427 526 591 568 bellum
624 526 744 568 caelo
780 527 960 581 peperit,
994 541 1071 569 nec
1104 534 1244 569 matre
1277 528 1465 569 minores

294 584 558 626 exstiterunt
591 590 753 637 partus.
814 585 889 626 sed
923 584 1104 627 fulmine
1137 598 1282 626 rursus
1314 585 1356 626 in
1389 585 1525 627 altum

294 641 521 695 compulsi,
558 648 817 695 montesque
849 656 978 697 super
1011 643 1175 684 rediere
1206 644 1426 694 cadentes,

295 700 423 741 cessit
455 706 497 740 et
532 699 574 740 in
612 700 832 740 tumulum
865 699 967 741 belli
1001 701 1204 755 uitaeque
1236 701 1491 755 Typhoeus.

295 757 389 811 ipsa
420 758 567 799 tremit
601 764 740 799 mater
772 757 994 811 flagrantis
1026 766 1175 801 monte
1208 760 1288 800 sub
1323 759 1485 802 Aetna.
1688 767 1754 800 880

293 821 339 856 at
374 828 486 868 quae
520 814 725 869 fulgentis
756 816 949 869 sequitur
979 816 1152 870 fastigia
1184 817 1290 858 caeli

294 873 510 926 proxima,
543 874 616 913 uix
650 874 729 926 ipsi
761 874 900 924 cedat,
931 874 1032 927 quoi
1066 875 1266 928 iungitur,
1298 881 1440 923 astr0;

296 944 371 984 spe
409 930 561 972 melior
593 931 874 985 palmamque
907 938 1060 986 petens
1093 932 1338 986 uictrixque
1368 933 1559 987 priorum

294 988 424 1029 altius
458 989 650 1042 insurgit,
685 1003 883 1030 summae
913 1003 1062 1031 comes
1092 990 1244 1031 addita
1278 989 1395 1040 finis;

296 1047 339 1087 in
370 1046 580 1100 peiusque
614 1054 792 1088 manent
823 1060 983 1096 cursuS,
1020 1061 1097 1089 nec
1131 1054 1236 1090 uota
1268 1054 1509 1101 supersunt.
1692 1057 1754 1097 885

294 1104 497 1158 quocirca
531 1105 710 1145 minime
745 1105 912 1153 mirum,
947 1106 980 1145 si
1014 1106 1215 1159 proxima
1246 1120 1418 1147 summo

293 1168 426 1215 atque
457 1163 610 1203 eadem
645 1162 816 1204 inferior
848 1164 1095 1204 ueneranda
1127 1170 1243 1205 sorte
1273 1163 1455 1214 locatur,

294 1220 412 1273 quod
443 1220 596 1262 titulus
629 1219 747 1262 felix.
810 1234 986 1262 censum
1019 1221 1078 1262 sic
1112 1222 1316 1275 proxima
1349 1221 1504 1264 Graiae

296 1284 445 1319 nostra
478 1278 595 1319 subit
628 1278 802 1331 liuguae
835 1278 1052 1332 uertitque
1084 1294 1108 1321 a
1142 1280 1317 1321 nomine
1352 1293 1525 1321 nomen.

298 1334 494 1389 Iuppiter
524 1336 606 1377 hac
639 1335 824 1377 habitat.
886 1336 1086 1378 fortunae
1117 1338 1243 1378 crede
1275 1338 1453 1392 regenti.
1690 1348 1756 1389 890

295 1393 394 1433 huic
428 1393 471 1433 in
504 1407 757 1448 peruersum
793 1394 943 1435 similis
974 1395 1144 1436 deiecta
1176 1396 1256 1436 sub
1287 1396 1391 1436 orbe

295 1451 471 1504 imaque
503 1452 718 1493 submersi
750 1452 927 1506 cingens
960 1452 1182 1495 fulcimina
1214 1453 1375 1503 mundi,

294 1509 478 1550 aduersa
509 1523 621 1563 quae
655 1515 779 1563 parte
810 1511 931 1557 nitet,
965 1510 1135 1552 defessa
1167 1510 1247 1552 sub
1278 1517 1375 1553 acta

295 1566 450 1608 militia
480 1580 714 1621 rursusque
747 1581 861 1609 nouo
893 1568 1055 1609 deuota
1087 1569 1225 1610 labori

296 1625 482 1665 cardinis
516 1632 560 1666 et
591 1625 789 1667 subitura
822 1627 970 1679 iugum
1004 1632 1253 1680 sortemque
1285 1633 1536 1680 potentem;
1691 1637 1754 1678 895

295 1683 493 1723 nondum
525 1683 661 1724 sentit
693 1696 801 1725 onus
833 1683 998 1734 mundi,
1029 1684 1114 1725 iam
1148 1692 1293 1738 sperat
1325 1684 1550 1727 honorem.

295 1740 558 1782 daemonien
594 1747 842 1782 memorant
877 1741 993 1791 Grai,
1030 1742 1233 1783 Romana
1265 1756 1342 1797 per
1377 1757 1452 1784 ora

295 1798 518 1851 quaeritur
549 1798 745 1840 inuersus
777 1799 941 1840 titulus.
1005 1801 1086 1841 sub
1120 1801 1251 1841 corde
1283 1802 1429 1855 sagaci

294 1856 436 1897 conde
469 1856 612 1898 locum
646 1870 895 1910 numenque
926 1857 995 1899 dei
1029 1870 1278 1911 nomenque
1309 1858 1512 1912 potentis,

293 1926 408 1966 quae
441 1913 519 1955 tibi
555 1914 772 1968 posterius
807 1929 990 1969 magnos
1022 1922 1282 1957 reuocantur
1313 1917 1369 1957 ad
1400 1930 1513 1957 usus.
1687 1934 1756 1966 900

295 1970 364 2013 hic
399 1979 625 2013 momenta
659 1979 838 2014 manent
874 1979 1046 2014 nostrae
1080 1972 1335 2027 plerumque
1367 1974 1518 2015 salutis

337 2139 399 2177 872
422 2138 545 2178 supina
562 2138 622 2170 M:
648 2149 796 2179 superna
816 2139 874 2171 GL
1074 2141 1138 2180 874
1164 2141 1294 2172 fraudat
1313 2142 1395 2180 (ras.
1410 2145 1485 2182 post
1500 2141 1565 2182 -at)
1583 2141 1702 2172 acadat
1720 2141 1761 2172 M

293 2182 447 2221 ciphonis
463 2182 505 2213 M
706 2184 768 2223 877
795 2185 1002 2215 exstiterunt
1019 2183 1183 2225 Scaliger:
1210 2185 1415 2215 exstiterant
1437 2184 1535 2216 Ven.:
1561 2185 1756 2216 exstiterint

293 2224 382 2256 codd.
476 2230 573 2256 rursu
588 2225 629 2256 M
758 2228 822 2266 878
847 2227 1003 2268 conpulsi
1016 2226 1058 2257 M
1186 2229 1250 2267 879
1273 2233 1306 2258 et
1323 2238 1392 2260 om.
1408 2227 1436 2258 G
1524 2228 1692 2268 typhoeus
1705 2229 1733 2259 L
1750 2241 1756 2259 :

293 2269 461 2308 typhaeus
481 2269 529 2300 G:
555 2270 716 2309 tiphoeus
733 2270 775 2301 M
980 2271 1046 2302 880
1070 2272 1244 2311 flagrantis
1264 2270 1336 2302 GL2
1353 2271 1430 2303 Ven.
1448 2283 1454 2301 ε
1480 2271 1656 2310 fraglantis
1673 2270 1759 2303 L¹M

293 2317 425 2343 montes
443 2313 585 2344 subetna
604 2313 665 2344 M:
691 2313 828 2345 fulmine
847 2316 969 2346 montis
992 2315 1067 2346 Ven.
1160 2315 1271 2346 Aetna
1288 2326 1352 2346 om.
1375 2315 1403 2345 G
1533 2316 1595 2345 881
1622 2319 1655 2346 at
1671 2326 1756 2354 quae

294 2356 456 2395 fulgentis
480 2381 485 2386 .
512 2380 519 2388 .
544 2381 550 2387 .
576 2357 659 2388 caeli
679 2357 833 2398 Bentley:
857 2363 955 2398 atque
973 2358 1171 2397 refulgentis
1189 2366 1234 2397 (fs
1245 2359 1368 2399 punxit
1383 2358 1429 2399 L)
1453 2382 1460 2390 .
1485 2382 1491 2388 .
1517 2382 1523 2388 .
1548 2358 1643 2389 caelo
1663 2359 1752 2390 codd.

294 2399 410 2438 fatigia
428 2399 469 2429 M
621 2401 685 2430 882
709 2400 766 2431 uix
783 2401 938 2440 Bentley:
963 2412 1025 2432 nec
1044 2401 1102 2432 GL
1121 2402 1198 2433 Ven.
1215 2413 1220 2432 :
1247 2412 1314 2432 non
1333 2401 1375 2431 As!
1455 2402 1573 2432 caedat
1592 2402 1620 2433 G
1637 2414 1644 2433 :
1668 2402 1755 2433 cedit

298 2442 379 2474 Ven.
512 2444 566 2474 cui
585 2444 674 2482 (quoi
693 2444 780 2475 dedi»
799 2446 949 2484 iungitur
965 2445 1127 2477 Hnetius:
1153 2446 1206 2485 qui
1224 2445 1376 2484 fungitur
1395 2445 1574 2485 (funigitur
1590 2445 1647 2486 L¹)
1666 2444 1754 2476 codd.

293 2487 358 2525 883
382 2486 532 2525 priorum
550 2487 603 2519 M:
630 2487 758 2526 piorum
775 2487 833 2519 GL
968 2490 1030 2528 887
1058 2489 1195 2520 inferior
1212 2489 1484 2520 Bom'ncontrius:
1510 2489 1649 2520 interior
1665 2488 1753 2520 codd.

293 2529 423 2560 locatur
439 2530 556 2570 scripSi
571 2542 576 2560 :
603 2531 734 2562 dicatur
749 2532 838 2563 codd.
1017 2533 1081 2563 888
1106 2533 1155 2563 sic
1172 2532 1319 2572 Bentley:
1344 2533 1372 2563 si
1390 2532 1476 2563 codd.
1610 2533 1703 2571 graia
1719 2530 1758 2562 M

294 2573 360 2612 889
383 2573 549 2612 uertitque
568 2573 736 2613 Scaliger:
760 2576 942 2615 uirtutique
962 2576 1111 2617 (uirtutia
1129 2576 1223 2616 Ven.)
1242 2575 1330 2607 codd.
1606 2576 1671 2616 890
1695 2576 1756 2607 hac

294 2616 604 2656 Regiomontmms:
630 2618 692 2648 boe
710 2619 800 2650 codd.
920 2620 1059 2651 credere
1076 2619 1169 2658 genti
1185 2619 1275 2650 codd.
1290 2631 1297 2650 :
1321 2629 1400 2650 corr.
1419 2618 1564 2660 Scaliger
1693 2619 1754 2658 891

296 2659 411 2690 orbem
432 2659 507 2691 Ven.
711 2662 774 2702 892
799 2663 941 2702 cingens
957 2663 1124 2694 fulcimina
1141 2663 1274 2703 scn'psi:
1297 2664 1495 2702 contingent
1511 2662 1649 2693 fulmina
1665 2662 1755 2694 codd.

294 2731 359 2771 893
381 2729 525 2761 aduersa
543 2741 626 2770 quae
646 2731 675 2762 G
690 2743 697 2763 :
723 2733 859 2765 diuersa
877 2745 939 2773 qua
956 2733 1015 2765 M:
1039 2723 1216 2772 aduersati.
1236 2722 1329 2774 parte
1343 2722 1430 2765 nitet
1449 2733 1474 2763 L
1603 2733 1666 2764 sub
1683 2738 1756 2763 acta

295 2774 428 2815 scripsi:
452 2784 490 2805 su
508 2780 608 2816 pacta
628 2775 713 2815 (fuit
727 2776 879 2818 subacta)
900 2777 950 2808 G:
976 2787 1036 2817 per
1052 2782 1126 2809 acta
1144 2776 1217 2807 LM
1581 2778 1646 2816 896
1670 2785 1756 2806 onus

999 2844 1054 2886 54
