1934 3220
300 140 531 182 MANILI

356 255 422 295 his
454 254 768 296 animaduersis
799 254 946 305 debes,
977 267 1089 307 quae
1121 255 1322 307 proxima
1353 267 1465 299 cura,

300 326 479 354 noscere
510 313 670 354 tutelas
702 312 964 364 adiectaque
997 312 1174 352 numina
1206 313 1353 365 signis,

301 377 343 412 et
376 384 487 424 quae
519 371 708 423 quoique
740 370 822 411 deo
855 383 994 410 rerum
1028 377 1181 410 natura
1212 371 1387 420 dicauit,
1693 384 1757 418 435

300 442 397 470 cum
431 429 576 469 diuina
608 428 726 469 dedit
760 428 926 480 magnis
957 428 1189 468 uirtutibus
1221 442 1296 468 ora

301 487 496 527 condidit
528 492 571 526 et
603 486 745 526 uarias
776 498 899 526 sacro
931 485 1012 525 sub
1045 486 1222 527 nomine
1254 487 1378 531 uires,

300 544 473 598 pondus
506 544 567 584 uti
600 544 728 584 rebus
759 557 945 596 persona
977 544 1200 597 imponere
1231 544 1380 598 possit.

301 602 566 655 Lanigerum
602 601 755 651 Pallas,
785 601 980 642 Taurum
1015 600 1234 654 Cytherea
1264 607 1422 652 tuetur,

299 659 511 701 formosos
546 658 746 699 Phoebus
779 658 1011 707 Geminos;
1048 658 1259 712 Cyllenie,
1291 659 1522 709 Cancrum,
1690 675 1756 708 440

302 718 502 771 Iuppiter
533 723 576 756 et
608 731 706 757 cum
741 724 878 758 matre
910 718 1037 757 deum
1072 718 1184 771 regis
1216 718 1304 770 ipse
1338 717 1544 767 Leonem,

301 774 501 828 spicifera
533 781 598 816 est
629 775 765 828 Virgo
800 775 977 825 Cereris,
1011 775 1309 828 fabricataque
1343 775 1477 816 Libra

300 833 498 881 Vulcani,
531 846 713 886 pugnax
747 833 935 874 Mauorti
970 832 1176 888 Scorpios
1209 834 1381 883 haeret;

302 898 534 932 uenantem
567 891 713 931 Diana
745 891 900 942 uirum,
934 893 1010 932 sed
1045 893 1179 945 partis
1211 892 1412 945 equinae,

300 956 433 1002 atque
464 956 649 1003 angusta
680 949 797 990 fouet
831 949 1084 1002 Capricorni
1115 950 1257 991 sidera
1289 949 1448 991 Vesta:
1692 967 1757 999 445

302 1020 359 1047 ex
394 1007 511 1048 Iouis
542 1007 727 1048 aduerso
762 1008 944 1048 Iunonis
976 1007 1200 1061 Aquarius
1232 1014 1396 1049 astrum
1430 1014 1508 1057 est,

301 1065 587 1119 agnoscitque
618 1078 719 1106 suos
752 1066 986 1118 Neptunus
1020 1066 1060 1106 in
1092 1079 1283 1119 aequore
1316 1066 1470 1107 Pisces.

300 1124 399 1163 hinc
429 1136 605 1176 quoque
639 1136 797 1177 magna
829 1124 907 1164 tibi
939 1124 1115 1165 uenient
1149 1131 1373 1165 momenta
1405 1124 1547 1165 futuri.

300 1195 398 1222 cum
432 1181 542 1222 ratio
575 1188 650 1222 tua
680 1194 758 1233 per
789 1182 938 1222 stellas
970 1189 1013 1223 et
1045 1182 1187 1223 sidera
1218 1190 1374 1233 curret,

301 1246 559 1293 argumenta
591 1245 712 1292 petes
743 1240 861 1280 omni
894 1240 948 1280 de
981 1246 1104 1293 parte
1135 1240 1314 1293 uiasque
1693 1255 1760 1288 450

301 1298 416 1344 artis,
453 1304 500 1339 ut
533 1297 707 1350 ingenio
739 1298 885 1338 diuina
917 1298 1114 1351 potentia
1145 1305 1307 1351 surgat,

300 1362 635 1409 exaequentque
667 1355 799 1396 fidem
833 1356 954 1397 caelo
987 1356 1188 1397 mortalia
1220 1357 1364 1397 corda.

360 1415 508 1465 accipe
540 1414 700 1454 diuisas
731 1414 921 1455 hominis
955 1428 1030 1467 per
1061 1415 1201 1455 sidera
1234 1421 1376 1468 partes

303 1471 562 1525 singulaque
593 1472 633 1511 in
668 1472 850 1526 propriis
883 1473 1079 1526 parentia
1113 1474 1309 1514 membra
1341 1472 1502 1527 figuris,

303 1530 346 1570 in
378 1530 475 1582 quis
508 1530 761 1583 praecipuas
793 1536 888 1571 toto
921 1531 976 1571 de
1009 1544 1191 1583 corpore
1223 1531 1335 1571 uires
1695 1544 1759 1579 455

302 1594 522 1629 exercent.
583 1587 714 1628 Aries
746 1595 877 1641 caput
909 1594 975 1629 est
1006 1595 1107 1630 ante
1139 1590 1287 1629 omnia
1319 1590 1518 1643 princeps

303 1646 497 1694 sortitus,
530 1658 774 1699 censusque
805 1646 870 1687 sui
902 1645 1195 1699 pulcherrima
1227 1647 1338 1688 colla

301 1703 484 1753 Taurus,
517 1710 560 1744 et
592 1704 635 1744 in
668 1703 876 1746 Geminos
907 1704 1078 1758 aequali
1111 1705 1315 1746 bracchia
1345 1711 1462 1746 sorte

304 1762 550 1802 scribuntur
583 1776 752 1803 conexa
785 1763 956 1813 umeris,
989 1770 1229 1816 pectusque
1261 1763 1453 1804 locatum

301 1821 381 1860 sub
414 1820 584 1861 Cancro
616 1827 693 1871 est,
726 1820 909 1861 laterum
942 1834 1125 1874 regnum
1158 1821 1448 1875 scapulaeque
1481 1821 1666 1870 Leonis;
1694 1827 1761 1869 460

300 1878 495 1930 Virginis
524 1878 565 1918 in
599 1879 821 1932 propriam
855 1878 1125 1920 descendunt
1158 1879 1229 1919 ilia
1262 1886 1452 1927 sortem3

302 1936 436 1977 Libra
469 1936 579 1989 regit
611 1936 770 1987 clunes,
803 1942 845 1977 et
879 1936 1085 1991 Scorpios
1117 1937 1293 1990 inguine
1324 1938 1514 1991 gaudet;

303 1994 521 2035 Centauro
554 1994 714 2036 femina
746 1996 972 2046 accedunt,
1005 1995 1302 2048 Capricornus
1335 1996 1530 2049 utrisque

301 2052 523 2106 imperitat
554 2053 752 2105 genibus,
786 2066 958 2093 crurum
991 2053 1209 2094 fundentis
1233 2053 1403 2106 Aquari

300 2111 525 2151 arbitrium
559 2117 636 2161 est,
672 2111 902 2164 Piscesque
935 2112 1096 2164 pedum
1131 2112 1212 2153 sibi
1246 2113 1336 2153 iura
1369 2118 1615 2166 reposcunt.
1696 2119 1761 2160 465

343 2256 406 2285 433
432 2250 506 2277 ante
532 2246 622 2276 lmnc
645 2258 677 2277 u.
704 2246 827 2277 lemma
854 2246 888 2276 in
915 2245 943 2276 G
966 2246 1138 2286 signorum
1167 2247 1368 2278 commercia
1395 2251 1427 2277 et
1454 2257 1538 2286 quae
1563 2247 1681 2286 cuique
1708 2247 1761 2277 Do

300 2290 523 2321 attribuantur
550 2290 669 2329 signa:
700 2290 735 2320 in
765 2290 791 2319 L
822 2300 930 2329 marg.
960 2295 991 2321 et
1017 2290 1059 2321 M
1082 2291 1144 2321 sub
1172 2291 1266 2321 cuius
1294 2290 1348 2322 dei
1377 2290 1482 2322 tutela
1509 2301 1638 2330 queque
1664 2291 1760 2329 signa

300 2335 368 2364 sint
456 2335 546 2364 anim
564 2334 717 2364 aduersis
735 2333 775 2363 M
863 2334 968 2365 debes
984 2335 1117 2374 scripsi:
1144 2335 1245 2365 rebus
1261 2334 1349 2366 codd.
1456 2344 1520 2374 435
1544 2345 1628 2374 quae
1644 2335 1762 2374 cuique

302 2378 456 2416 (quoique
473 2377 560 2418 dedi)
579 2377 651 2409 dett.
669 2389 674 2408 :
700 2387 784 2416 quae
801 2377 921 2417 quique
940 2378 997 2409 M:
1023 2378 1250 2418 quaecfiqme)
1270 2378 1328 2408 GL
1430 2388 1491 2418 437
1517 2384 1551 2410 ut
1569 2378 1612 2408 Ll
1704 2388 1761 2409 nu-

301 2421 392 2451 mine
407 2421 449 2450 L2
537 2431 602 2461 439
625 2426 700 2452 ante
713 2421 801 2451 hunc
816 2432 848 2452 n.
869 2422 993 2452 lemma
1012 2422 1045 2452 in
1063 2421 1091 2452 G
1107 2422 1279 2462 signorum
1297 2421 1499 2452 commercia
1589 2432 1649 2462 441
1673 2423 1762 2461 regis

304 2465 392 2495 GM:
418 2465 504 2503 regit
522 2465 577 2504 (-it
595 2466 627 2495 in
645 2466 729 2505 νας.)
747 2476 786 2495 ex
804 2465 881 2503 rigit
902 2466 927 2495 L
1018 2476 1082 2505 443
1107 2466 1246 2496 Mauorti
1264 2466 1553 2506 Regiomontanus
1568 2478 1574 2497 ι
1599 2466 1762 2497 Mauortis

301 2508 390 2539 codd.
519 2519 581 2547 444
605 2510 711 2548 patris
730 2509 771 2538 M
896 2511 961 2548 446
983 2520 1026 2539 ex
1042 2509 1124 2539 Ellis
1139 2520 1145 2539 ε
1172 2515 1205 2540 et
1221 2509 1310 2541 codd.
1404 2510 1544 2541 Inuonis
1562 2509 1621 2540 M:
1648 2509 1763 2540 Iuonis

301 2554 395 2593 (post
412 2552 462 2582 Iu-
482 2563 550 2582 una
567 2553 626 2583 litt.
646 2562 728 2584 era-3.
748 2564 754 2583 :
779 2563 800 2582 n
817 2555 996 2591 suprascr.)
1017 2553 1044 2582 L
1225 2554 1289 2592 448
1314 2555 1439 2584 moffita
1457 2554 1498 2584 M
1607 2553 1715 2585 sutura
1733 2554 1762 2583 L

301 2606 365 2634 449
390 2606 451 2635 per
472 2595 548 2626 Ven.
567 2607 573 2626 :
602 2596 650 2627 fer
668 2596 709 2626 L¹
729 2607 735 2627 ε
766 2596 830 2626 fert
849 2596 944 2627 GL2:
973 2597 1042 2627 fers
1060 2595 1100 2626 M
1220 2602 1331 2627 curret
1348 2597 1435 2627 L¹M
1453 2598 1548 2630 Ven.:
1579 2602 1670 2629 curat
1689 2596 1762 2628 GL2

301 2649 366 2678 450
390 2644 510 2679 petens
531 2639 608 2670 Ven.
744 2649 804 2679 451
832 2640 946 2671 diuina
962 2640 1242 2672 Bom'ncontrins:
1266 2641 1376 2672 diuisa
1393 2640 1482 2674 codd.
1615 2650 1679 2680 452
1703 2651 1760 2671 ex-

300 2690 509 2722 aequentque
528 2682 626 2713 GL2:
651 2694 715 2713 exe
741 2707 746 2714 .
773 2707 779 2714 .
808 2706 816 2714 .
842 2694 916 2713 cum
938 2695 1002 2715 ms.
1022 2683 1083 2715 LI:
1109 2694 1196 2714 exeu
1214 2695 1300 2723 quen
1320 2685 1362 2715 M
1501 2695 1564 2724 453
1588 2688 1663 2716 ante
1675 2684 1764 2715 hunc

301 2738 335 2757 u.
359 2727 481 2756 lemma
506 2727 539 2756 in
567 2726 638 2756 GM
659 2738 742 2766 quae
768 2728 919 2757 membra
944 2728 1088 2758 humana
1113 2728 1230 2767 cuique
1252 2729 1349 2767 signo
1375 2729 1601 2760 attribuantur
1623 2727 1761 2770 (tributa

301 2771 369 2800 sint
387 2770 433 2809 M
577 2781 638 2808 454
665 2772 698 2800 in
717 2771 863 2809 propriis
883 2771 975 2803 alst:
1003 2771 1196 2810 improprias
1218 2771 1318 2802 LlM:
1346 2772 1377 2802 in
1397 2773 1531 2812 propria
1555 2796 1562 2804 .
1589 2797 1595 2803 .
1623 2796 1630 2804 .
1657 2772 1761 2810 figura

305 2814 381 2845 Ven.
529 2824 592 2853 455
619 2816 798 2854 praecipua
815 2814 856 2844 M
1007 2817 1072 2853 456
1100 2822 1259 2846 exercent
1279 2817 1370 2856 (post
1384 2827 1421 2847 er
1437 2816 1540 2847 unius
1555 2816 1612 2847 litt.
1635 2817 1715 2856 νας.)
1737 2815 1765 2846 G

1007 2872 1058 2913 28
