1934 3220
321 561 739 609 DOCTORUM
783 561 1130 610 VIRORUM
1185 561 1432 622 USQUE
1484 561 1529 609 A

417 644 836 693 SCALIGERO
886 645 1426 694 CONIECTURAE

540 760 711 799 Scaliger¹
730 776 756 786 =
776 759 929 799 Scaliger
943 760 978 791 in
995 760 1145 792 editione
1162 760 1276 800 priori.

540 804 713 844 Scaliger²
730 818 757 829 =
776 803 928 843 Scaliger
943 804 977 834 in
995 804 1145 835 editione
1158 804 1274 836 altera.

239 907 259 942 3
289 898 567 942 Hectoreasque
584 896 674 931 facis
685 896 823 941 Jacob:
853 902 973 931 castra
991 896 1126 931 ducum
1143 902 1178 931 et
1200 896 1313 932 Rhesi
1332 897 1436 931 Ellis
1556 908 1651 931 uers.

191 944 273 979 secl.
291 945 446 989 Bentley
575 952 591 988 5
621 943 819 978 instantem
838 943 923 978 belli
944 943 1135 989 Scalzssger:
1163 943 1364 978 instantem
1382 955 1495 979 saeuo
1514 944 1544 978 J.
1569 945 1653 978 Voss

191 992 232 1025 in
258 1002 378 1037 marg.
398 992 573 1026 editionis
597 1002 626 1024 s.
648 991 671 1025 l.
690 994 727 1024 et
750 1002 784 1024 a.
807 990 904 1024 Bibl.
927 991 1055 1025 Bodl.:
1089 989 1212 1025 iactati
1239 992 1368 1035 pelago
1390 992 1568 1035 Bentley:
1596 991 1651 1025 in-

191 1045 341 1073 nantem
360 1038 456 1083 pello
476 1037 647 1073 Schmidt
786 1036 1046 1082 geminataque
1066 1038 1246 1082 Pergama
1263 1038 1430 1082 Bentley,
1440 1040 1538 1083 puto
1559 1043 1654 1073 recte

193 1093 211 1127 7
239 1084 397 1130 patriam
427 1085 486 1120 cui
514 1084 670 1120 Graecia
700 1090 844 1129 septem
869 1085 1025 1129 Bentley
1041 1096 1048 1118 :
1079 1085 1238 1129 patriam
1265 1085 1321 1119 cui
1349 1084 1479 1120 iniuria
1510 1092 1650 1130 septem

191 1132 234 1166 K
233 1133 391 1177 z'essling
592 1141 634 1174 14
660 1138 785 1176 partus
803 1132 959 1177 Bentley
1152 1140 1190 1176 15
1220 1131 1376 1167 Titanas
1396 1132 1531 1167 iuuisse
1551 1132 1651 1167 Iouis

192 1179 383 1224 Scaltger¹
567 1180 608 1214 16
633 1178 712 1213 sine
731 1184 834 1222 patre
852 1178 1016 1223 parentis
1036 1177 1228 1224 Scalzger¹
1391 1181 1430 1214 18
1458 1190 1553 1214 uers.
1571 1179 1652 1214 secl.

192 1227 348 1270 Bentley
476 1235 516 1270 19
544 1225 703 1260 nouandi
723 1226 878 1270 Bentley
1020 1235 1065 1269 23
1090 1225 1216 1260 munia
1226 1226 1341 1270 Jacob
1438 1226 1652 1271 sociataque

192 1272 343 1307 numina
361 1273 544 1318 nymphas
563 1274 762 1307 Housman
906 1283 1002 1306 uers.
1020 1274 1100 1307 secl.
1118 1273 1274 1318 Bentley
1474 1283 1517 1316 42
1545 1280 1652 1308 antra

191 1321 369 1365 Bentley:
396 1321 498 1355 aulas
516 1321 714 1354 Isousman
845 1329 888 1363 43
915 1320 1039 1354 saecla
1056 1321 1211 1365 Bentley
1339 1330 1385 1363 44
1398 1320 1495 1365 fort.
1514 1321 1653 1355 damna

191 1378 256 1411 per
386 1367 432 1409 46
457 1374 578 1402 atrum
597 1368 789 1412 Scalzger:
816 1366 906 1401 atris
925 1367 1081 1412 Bentley
1224 1375 1263 1409 71
1294 1378 1388 1402 uers.
1404 1368 1484 1402 secl.
1499 1369 1653 1413 Bentley

192 1422 235 1457 72
263 1412 343 1458 sua]
364 1424 459 1457 uaga
477 1414 652 1459 Bentley:
668 1415 765 1460 fort.
785 1420 882 1448 stata
1053 1416 1097 1457 84
1122 1415 1259 1449 leuiter
1267 1416 1353 1459 post
1371 1426 1517 1450 recessu
1536 1416 1651 1449 inter-

184 1463 331 1505 punxit
346 1461 502 1506 Bentley
683 1462 724 1506 85
753 1460 959 1496 comminus
979 1462 1172 1507 Scaliger:
1200 1472 1267 1496 nec
1285 1462 1410 1507 procul
1430 1463 1650 1506 temptabam

193 1509 236 1542 88
263 1507 291 1543 si
310 1508 478 1553 Bentley,
496 1510 655 1552 itemque
675 1508 731 1552 89,
750 1518 807 1552 93,
826 1518 872 1552 99
1062 1510 1107 1552 96
1133 1508 1256 1544 reddis
1274 1509 1326 1543 sic
1344 1509 1466 1544 oribus
1485 1509 1651 1543 Bullz‘al-

189 1555 261 1589 dus
373 1558 463 1600 post
482 1563 544 1599 105
563 1556 735 1590 lactucam
754 1556 892 1589 statuit
897 1555 1013 1600 chcob
1215 1556 1282 1591 106
1308 1555 1427 1591 eximo
1446 1557 1544 1601 quod
1564 1557 1651 1590 olim

190 1602 413 1647 temptabam
569 1611 633 1637 112
661 1613 756 1638 uers.
774 1603 854 1636 secl.
874 1603 1028 1647 Bentley
1184 1604 1248 1638 118
1274 1604 1413 1648 templa
1437 1604 1487 1637 W
1486 1603 1650 1648 akefield,

178 1650 275 1694 fort.
294 1653 386 1684 recte
543 1650 609 1684 126
635 1650 759 1695 priuas
779 1650 952 1695 Scaliger
1061 1661 1156 1685 uers.
1175 1651 1255 1685 secl.
1272 1651 1426 1696 Bentley
1586 1661 1652 1695 130

192 1696 260 1741 ipsi
278 1708 336 1731 res
353 1697 526 1741 Scalzjger
710 1706 773 1740 132
799 1703 877 1732 arte
896 1697 1057 1732 secanda
1076 1698 1229 1743 Bentley
1408 1699 1545 1741 138-40
1570 1698 1651 1733 secl.

191 1744 345 1788 Bentley
517 1753 581 1788 139
607 1744 758 1779 uerbere
776 1755 886 1788 agam
904 1744 1079 1789 Scalzger
1238 1753 1300 1789 145
1329 1743 1418 1789 fugit
1436 1744 1650 1790 Scalzgerlz

190 1791 361 1836 frequens
379 1791 529 1836 Pingrre'
538 1801 546 1824 z
574 1791 661 1826 fluat
671 1791 787 1836 Jacob
923 1799 986 1833 147
1014 1791 1131 1826 diuisa
1149 1791 1274 1826 Ellis:
1297 1792 1454 1826 blandos
1472 1792 1520 1826 ad
1539 1791 1652 1827 uerba

190 1849 302 1872 sonos
321 1837 510 1882 Scalzger1
700 1847 766 1882 149
792 1838 1005 1883 praedicere
1024 1837 1211 1884 Scalzjgerl
1393 1848 1458 1883 150
1482 1851 1526 1874 ac
1536 1840 1653 1884 Jacob

193 1893 255 1929 151
285 1884 495 1920 nominibus
513 1886 668 1930 Bentley
813 1894 877 1930 153
904 1897 1054 1921 auersos
1074 1913 1081 1921 .
1102 1912 1109 1920 .
1128 1912 1136 1921 .
1155 1892 1254 1921 artus
1270 1886 1437 1932 Bentley,
1444 1886 1541 1931 fort.
1559 1891 1654 1921 recte

195 1940 259 1976 154
286 1943 391 1967 secus
410 1933 565 1977 Bentley
808 1941 871 1976 157
899 1932 1099 1979 quaedam]
1120 1933 1231 1968 etiam
1250 1933 1444 1979 Scalzger:
1472 1933 1558 1978 quin
1579 1935 1651 1969 iam

191 1979 234 2013 F.
245 1979 392 2023 Junius
506 1980 572 2014 166
598 1979 762 2024 positura
780 1980 934 2025 Bentley
1054 1981 1119 2024 169
1145 1979 1259 2025 quod]
1278 1992 1423 2026 quoque
1443 1981 1650 2026 Scaltgefl:

190 2033 275 2061 sunt
294 2027 448 2069 Bentley
557 2029 646 2071 post
668 2035 730 2069 172
749 2027 922 2061 lacunam
941 2029 1078 2062 statuit
1094 2028 1249 2062 Bechert
1434 2037 1545 2072 173—4
1570 2030 1651 2063 secl.

192 2073 346 2117 Bentley
355 2073 471 2118 jacob
488 2074 638 2108 Breiter
848 2084 908 2118 191
937 2086 1004 2109 sua
1021 2075 1184 2120 dantque
1202 2076 1428 2118 Salmasius,
1446 2075 1559 2110 Anni
1574 2075 1650 2110 Cli-

191 2120 391 2163 macterici,
408 2123 446 2164 7).
465 2130 556 2165 320:
584 2127 800 2166 mutantque
808 2121 946 2166 Jacob:
974 2128 1150 2167 nutatque
1168 2123 1318 2156 Breiter
1461 2132 1525 2166 197
1551 2123 1651 2168 quod

191 2171 348 2203 tuentur
363 2168 407 2201 F.
418 2167 576 2212 sunites,
596 2169 698 2202 Ellis
833 2169 901 2203 216
928 2179 996 2203 nec
1023 2195 1030 2203 .
1057 2195 1065 2202 .
1093 2194 1101 2202 .
1127 2168 1211 2213 nec]
1235 2181 1297 2204 sex
1323 2195 1330 2203 .
1359 2195 1366 2203 .
1394 2195 1402 2203 .
1426 2170 1481 2204 uel
1501 2170 1649 2214 Fayns:

192 2221 246 2249 ter
272 2241 281 2250 .
307 2240 315 2248 .
344 2240 351 2249 .
376 2221 429 2249 ter
437 2215 577 2259 jacob:
604 2226 703 2250 nunc
731 2241 740 2250 .
767 2242 773 2249 .
803 2240 812 2249 .
839 2227 936 2250 nunc
955 2215 1017 2250 uel
1035 2216 1092 2251 uel
1120 2243 1127 2250 .
1154 2243 1162 2251 .
1189 2243 1197 2250 .
1225 2217 1282 2252 uel
1300 2217 1450 2250 Brez'ter
1553 2228 1651 2253 uers.

189 2262 271 2297 secl.
290 2262 444 2306 Bentley
603 2272 671 2297 222
696 2262 891 2298 femineam
911 2269 1056 2298 noctem
1077 2263 1269 2309 Scalzger:
1298 2263 1493 2299 femineam
1516 2271 1652 2300 sortem

190 2308 309 2344 noctis
327 2309 482 2354 Bentley
636 2319 703 2354 223
730 2310 908 2344 nonnulla
926 2310 1016 2345 satis
1034 2311 1202 2345 Huetius
1357 2320 1423 2354 224
1449 2311 1651 2356 populosus

194 2356 348 2401 Bentley
503 2365 567 2402 225
596 2368 778 2392 marmore
789 2357 905 2402 Jacob
1067 2359 1135 2392 226
1159 2364 1220 2392 aut
1241 2369 1334 2403 quae
1355 2358 1655 2403 Klez'nguentlzer

193 2404 257 2437 228
284 2403 472 2448 hostisque
490 2405 662 2450 Scalzger
815 2414 882 2448 229
909 2404 1053 2439 rimosis
1063 2405 1180 2449 Jacob
1336 2415 1399 2449 231
1429 2412 1464 2440 et
1482 2406 1651 2451 aequoris

191 2450 299 2484 undis
318 2450 491 2496 Scaliger
693 2461 760 2495 232
788 2462 945 2496 parsque
963 2451 1054 2486 mari
1073 2451 1194 2487 nitens
1213 2453 1406 2498 Scalzger:
1433 2464 1519 2498 pars
1538 2453 1650 2488 maris

192 2507 283 2531 urna
300 2497 423 2532 nitens
430 2498 549 2542 Jacob
672 2499 816 2544 aequali
835 2499 982 2534 foedere
999 2499 1114 2534 mixta
1134 2498 1339 2545 Scalzgefl:
1367 2500 1513 2545 aequali
1533 2500 1651 2536 sidere

191 2544 304 2579 mixta
327 2545 466 2589 Fayns,
483 2546 590 2590 prob.
610 2546 714 2581 Ellis
967 2556 1034 2590 234
1062 2546 1222 2581 minimis
1248 2547 1441 2581 minimum
1464 2547 1650 2593 Scalzger¹

192 2600 259 2634 244
285 2600 474 2627 momenta
489 2593 646 2637 Bentley
848 2601 915 2638 252
935 2593 1031 2638 fort.
1050 2593 1121 2628 tuis
1263 2593 1299 2628 in
1323 2601 1444 2630 artum
1462 2594 1650 2640 Scalzger¹

193 2646 259 2682 253
286 2637 443 2683 quaeue]
463 2645 576 2674 strata
595 2640 751 2685 Bentley
881 2640 948 2682 267
976 2639 1072 2685 esse]
1094 2641 1145 2676 ire
1163 2642 1320 2686 Bentley
1439 2642 1505 2677 268
1532 2648 1650 2677 terrae

190 2689 349 2720 tuentur
355 2686 472 2730 Jacob
489 2686 593 2721 Ellis
760 2695 827 2730 270
852 2698 1004 2722 noscere
1022 2694 1139 2723 sortes
1156 2689 1311 2733 Bentley
1475 2697 1541 2732 272
1568 2689 1649 2724 aliis

191 2732 285 2767 aliae
303 2732 457 2778 Bentley
609 2742 676 2778 273
703 2740 741 2769 ut
757 2735 850 2769 flexo
869 2735 1056 2778 signorum
1075 2735 1230 2780 Bentley
1373 2737 1443 2771 280
1468 2736 1650 2781 conspicis

190 2790 272 2813 cum
289 2780 374 2816 dett.
386 2780 503 2824 sacob
521 2782 624 2815 Ellis
766 2783 832 2826 283
860 2787 977 2816 tortus
994 2783 1097 2817 Ellis
1198 2783 1309 2818 uerba
1327 2782 1463 2818 distant
1484 2783 1650 2826 (desunt)

191 2827 258 2871 283
275 2853 282 2861 .
294 2853 302 2863 .
318 2854 326 2863 .
345 2828 513 2873 exemplo
530 2834 585 2864 est
604 2828 670 2872 287
688 2829 767 2864 secl.
786 2830 941 2874 Bentley
959 2830 1109 2865 Breiter
1221 2831 1289 2873 284
1315 2829 1394 2875 5811]
1415 2842 1481 2865 sua
1499 2831 1649 2865 Salma-

887 2898 960 2937 159
