1934 3220
258 135 493 177 MANILI

259 254 412 290 natura
444 255 589 289 tamen
623 248 677 289 ad
713 249 924 289 mundum
959 254 1189 289 reuocante
1221 255 1446 300 parentem

257 305 466 348 attollunt
498 307 665 347 animos
697 306 953 359 caelumque
984 312 1027 347 et
1059 305 1200 345 sidera
1231 313 1406 346 seruant

257 377 526 418 corporaque
557 363 612 405 ad
645 363 771 405 lunae
803 363 1020 405 nascentis
1052 376 1212 405 cornua
1244 362 1428 405 lustrant

258 428 547 475 uenturasque
573 421 723 463 uident
755 421 933 473 hiemes,
965 421 1156 462 reditura
1178 434 1353 462 serena:

257 481 352 534 quis
383 481 555 521 dubitet
587 487 686 533 post
719 480 824 521 haec
856 479 1080 520 hominem
1113 478 1375 532 coniungere
1407 478 1561 520 caelo?
1654 496 1714 527 105

260 537 486 579 consilium
519 544 673 578 natura
705 537 829 579 dedit
856 537 1136 590 linguamque
1166 549 1397 590 capaxque

257 596 476 650 ingenium
509 595 818 647 uolucremque
848 595 1057 644 animum,
1089 607 1220 660 quem
1254 594 1439 648 denique
1470 593 1513 635 in
1546 607 1679 635 unum

259 654 482 695 descendit
515 653 621 694 deus
652 658 783 706 atque
815 653 986 694 habitat
1018 666 1151 705 seque
1183 652 1275 705 ipse
1307 652 1499 705 requirit.

258 711 386 752 mitto
418 711 524 751 alias
557 716 682 762 artes,
714 724 896 764 quarum
929 718 994 752 est
1026 710 1237 764 permissa
1267 710 1466 761 facultas,

257 768 412 810 infidas
444 769 558 809 adeo
591 782 667 810 nec
699 769 836 810 nostri
872 782 1052 810 munera
1084 781 1250 817 census,
1654 785 1717 808 110

259 828 398 874 mitto,
422 827 540 880 quod
567 826 739 880 aequali
771 827 877 867 nihil
912 833 977 868 est
1009 827 1090 867 sub
1122 825 1218 880 lege
1249 825 1472 875 tributum,

258 886 376 938 quod
409 890 531 937 patet
562 891 762 926 auctores
793 886 952 926 summi
987 897 1072 926 non
1100 885 1288 938 pectoris
1320 897 1427 935 esse,

259 943 387 984 mitto
417 942 535 996 quod
570 942 671 996 <et>
705 950 871 985 certum
906 948 971 984 est
1003 949 1047 984 et
1079 940 1331 983 ineuitabile
1363 940 1516 991 satum,

260 1000 552 1054 materiaeque
584 1001 735 1042 datum
770 1008 834 1042 est
867 1002 976 1055 cogi,
1009 1000 1085 1041 sed
1117 1013 1272 1053 cogere
1305 1000 1485 1042 mundo.

257 1059 353 1112 quis
385 1058 552 1100 caelum
586 1065 736 1112 posset
770 1060 851 1099 nisi
885 1059 992 1100 caeli
1026 1071 1203 1100 munere
1235 1072 1362 1098 nosse
1659 1074 1719 1106 115

259 1123 301 1158 et
334 1117 521 1171 reperire
554 1117 697 1167 deum,
721 1116 799 1157 nisi
833 1117 905 1170 qui
939 1130 1037 1171 pars
1070 1117 1162 1169 ipse
1194 1116 1375 1157 deorum
1409 1118 1504 1157 est?

258 1175 410 1228 quisue
442 1175 554 1216 hanc
587 1175 775 1216 conuexi
809 1175 970 1216 molem
1003 1174 1095 1215 sine
1127 1173 1211 1215 fine
1243 1173 1432 1227 patentis

258 1234 568 1288 signorumque
598 1233 752 1274 choros
784 1246 835 1274 ac
869 1233 1018 1274 mundi
1052 1231 1259 1272 flammea
1291 1238 1409 1272 tecta

257 1297 481 1332 aeternum
514 1297 557 1332 et
588 1291 721 1332 stellis
752 1292 962 1332 aduersus
993 1290 1135 1331 sidera
1168 1289 1330 1330 bellum

260 1347 329 1405 [ac
361 1356 494 1390 terras
525 1348 733 1401 caeloque
764 1349 921 1391 fretum
955 1348 1236 1401 subiectaque
1269 1344 1483 1403 utrisque]
1654 1365 1720 1387 120

259 1421 433 1448 cernere
465 1413 508 1448 et
539 1413 728 1460 angusto
758 1407 839 1447 sub
872 1413 1051 1460 pectore
1082 1406 1283 1447 claudere
1309 1410 1471 1460 posset,

258 1466 298 1506 ni
333 1471 478 1506 tantos
510 1464 665 1506 animis
697 1465 846 1506 oculos
879 1471 1033 1506 natura
1064 1464 1259 1505 dedisset

259 1529 581 1578 cognatamque
612 1522 677 1563 sui
712 1529 904 1564 mentem
938 1522 1142 1564 uertisset
1173 1522 1228 1563 ad
1262 1521 1401 1575 ipsam

261 1588 304 1622 et
335 1587 507 1623 tantum
540 1581 745 1622 dictasset
778 1594 902 1635 opus,
934 1581 1143 1634 caeloque
1174 1579 1340 1620 ueniret

260 1640 376 1693 quod
408 1646 538 1680 uocat
570 1639 611 1679 in
644 1639 812 1680 caelum
844 1653 964 1680 sacra
996 1639 1051 1679 ad
1085 1637 1345 1680 commercia
1375 1650 1518 1678 rerum
1661 1653 1719 1684 125

260 1704 303 1738 et
335 1697 496 1750 primas
527 1711 635 1750 quas
667 1697 774 1738 dant
808 1697 925 1751 leges
956 1696 1234 1738 nascentibus
1265 1698 1413 1736 astra?

261 1756 354 1809 quis
388 1761 516 1809 neget
546 1768 639 1795 esse
669 1755 789 1796 nefas
822 1755 1006 1796 inuitum
1040 1754 1250 1809 prendere
1283 1753 1493 1794 mundum

261 1820 304 1855 et
336 1813 455 1854 uelut
491 1814 531 1853 in
563 1820 701 1854 semet
735 1820 910 1867 captum
943 1813 1158 1854 deducere
1189 1811 1230 1852 in
1263 1811 1445 1852 orbem?

261 1873 338 1913 sed
371 1885 424 1912 ne
456 1871 634 1912 circuitu
666 1870 798 1925 longo
832 1870 1061 1912 manifesta
1093 1870 1345 1924 probentur,

262 1930 355 1983 ipsa
386 1929 493 1970 fides
526 1928 647 1982 operi
682 1928 808 1970 faciet
839 1930 1099 1982 pondusque
1132 1927 1364 1980 fidemque.
1657 1942 1721 1973 130

261 2001 358 2028 nam
394 2000 535 2040 neque
566 1987 780 2039 decipitur
812 1987 921 2028 ratio
952 2000 1030 2027 nec
1062 1986 1224 2039 decipit
1257 1997 1490 2038 umquamg

262 2046 342 2086 rite
375 2045 597 2098 sequenda
629 2046 698 2086 uia
732 2051 797 2085 est
829 2045 940 2085 ueris
969 2044 1186 2086 accredita
1218 2043 1372 2090 causis,

261 2110 529 2156 euentusque
562 2103 701 2154 datur,
734 2103 874 2156 qualis
906 2103 1169 2156 praedicitur
1199 2107 1314 2142 ante.

260 2162 377 2215 quod
410 2161 583 2202 fortuna
615 2167 757 2201 ratum
790 2161 931 2210 faciat,
963 2160 1059 2214 quis
1091 2160 1232 2202 dicere
1262 2158 1417 2200 falsum

306 2295 366 2315 102
391 2294 429 2315 ac
448 2283 570 2314 tollunt
587 2282 628 2312 M
780 2291 840 2321 103
865 2292 1044 2331 corporaq.
1062 2284 1112 2323 (q.
1127 2292 1205 2313 cum
1222 2282 1301 2321 ras.)
1319 2281 1347 2311 L
1506 2290 1565 2320 104
1590 2279 1723 2319 hiemps

261 2328 301 2358 L¹
412 2329 473 2358 106
497 2327 672 2358 consilium
689 2326 816 2366 sctipsi:
841 2325 1000 2356 eximium
1020 2326 1183 2366 <eximum
1199 2324 1252 2365 M)
1271 2324 1359 2355 codd.
1466 2334 1526 2363 107
1550 2323 1721 2354 uolucrem

262 2376 356 2413 (-que
381 2372 465 2410 om.)
490 2371 531 2401 M
705 2375 783 2409 unu,
803 2369 925 2400 lmeam
946 2374 1007 2410 per
1025 2373 1131 2400 totum
1159 2369 1296 2399 umbum
1320 2367 1417 2398 duxit
1434 2366 1463 2396 L
1663 2367 1723 2397 108

260 2416 388 2446 habitet
405 2415 445 2445 M
622 2415 769 2452 requiret
786 2412 873 2443 L¹M
889 2412 966 2444 Ven.
1194 2423 1254 2451 109
1278 2411 1373 2442 mitte
1390 2413 1481 2450 (cum
1500 2420 1563 2441 ras.
1584 2408 1634 2441 L:
1651 2410 1725 2450 suut

259 2459 385 2499 mittet)
411 2457 498 2489 codd.
684 2468 744 2488 110
768 2457 890 2488 infidas
919 2456 1024 2488 Vera:
1055 2456 1179 2486 infidos
1206 2455 1252 2486 G:
1285 2455 1319 2485 in
1344 2455 1429 2485 fidos
1454 2454 1502 2485 L.
1535 2453 1662 2485 insidos
1685 2453 1728 2484 M

264 2513 323 2532 112
348 2502 497 2533 auctoris
519 2500 596 2532 Ven.
720 2501 842 2532 summi
860 2500 931 2531 dett.
949 2512 954 2532 z
981 2509 1110 2531 summa
1130 2498 1187 2530 GL
1209 2498 1296 2530 Vina:
1320 2508 1485 2529 summam
1503 2497 1545 2528 M
1663 2508 1723 2538 pe-

261 2546 366 2577 ctoris
381 2546 512 2586 scripsi:
539 2544 692 2583 corporis
709 2544 797 2575 codd.
917 2553 977 2582 113
1000 2544 1089 2583 quod
1107 2547 1141 2574 et
1158 2542 1318 2582 Scaliger:
1345 2542 1436 2582 quod
1449 2540 1538 2573 codd.
1663 2550 1723 2580 114

260 2590 401 2620 materie
417 2591 477 2630 (·q;
494 2587 572 2629 del.)
588 2587 631 2617 L2
740 2589 854 2619 datum
868 2587 924 2619 M:
949 2588 1052 2618 fatum
1068 2587 1096 2617 L
1113 2585 1211 2618 Ven.:
1235 2590 1287 2617 sat
1307 2585 1335 2616 G
1522 2594 1582 2624 115
1607 2590 1723 2624 posset

263 2633 309 2665 G:
341 2633 451 2673 possit
475 2631 547 2661 LM
660 2641 800 2662 munere
825 2641 927 2663 nosse
954 2631 1165 2661 Gronouius:
1199 2639 1341 2660 munera
1364 2633 1481 2660 nosset
1507 2628 1642 2669 (noscet
1667 2628 1723 2669 M)

261 2675 351 2708 codd.
468 2677 529 2706 116
554 2675 616 2705 nisi
635 2675 706 2715 ipsa
723 2685 802 2714 pars
819 2674 860 2705 M
946 2675 1018 2714 ipse
1034 2673 1199 2714 Scaliger:
1223 2673 1296 2712 ipsa
1314 2672 1402 2704 codd.
1519 2682 1577 2711 117
1601 2672 1722 2712 quisue

260 2720 412 2760 Bentley:
443 2724 544 2758 atque
569 2718 657 2750 codd.
774 2718 850 2750 sine
873 2717 977 2750 ML²=
1007 2718 1072 2749 nisi
1099 2717 1172 2749 GL¹
1189 2716 1266 2748 Ven.
1382 2715 1532 2757 patentis
1556 2715 1721 2757 Scaliger:

261 2764 414 2804 parentis
431 2763 518 2795 codd.
633 2763 776 2793 connexi
794 2762 915 2794 molem
932 2762 1005 2793 sine
1023 2762 1090 2792 fine
1107 2772 1164 2802 pa·
1181 2761 1215 2791 in
1232 2771 1295 2791 ras.
1312 2760 1341 2791 L
1520 2760 1581 2790 118
1604 2760 1724 2790 ssamea

262 2808 304 2839 M
472 2817 534 2838 120
556 2806 682 2837 seclusit
695 2806 830 2845 Bentley
1000 2815 1055 2836 121
1083 2804 1189 2845 possit
1204 2803 1278 2835 LM
1452 2813 1512 2834 122
1534 2803 1637 2834 animi
1653 2801 1727 2833 LM

984 2861 1007 2900 8
