1934 3220
331 307 400 330 rn:
429 295 502 330 iam
522 301 609 330 tunc
626 307 673 331 x:
698 296 849 331 mittunt
867 296 1026 340 dappm:
1055 295 1278 340 mittuntque
1296 295 1321 335 β
1466 303 1531 339 193
1557 295 1697 330 dabunt
1716 305 1787 329 rn:

331 344 469 377 ducunt
489 346 513 383 β
532 356 538 377 :
567 343 694 378 dicunt
713 345 780 377 bx:
808 344 929 378 serunt
947 344 1085 387 danpm
1246 352 1309 386 194
1337 342 1384 376 ab
1403 341 1511 377 astris
1530 343 1567 376 E
1725 349 1787 387 195

329 389 472 424 hiberni
491 402 531 424 χε
548 401 555 424 :
593 391 755 425 hibernis
781 401 829 424 rn
933 397 1064 424 coeunt
1081 389 1232 433 (cedunt
1247 388 1319 433 βιί)
1340 390 1375 423 Ε
1461 399 1574 434 quom
1594 387 1707 432 (cum)
1727 400 1791 423 uer

329 443 417 472 tunc
434 449 477 470 xe
493 448 500 471 :
526 449 638 482 quom
657 437 759 473 uerni
779 448 825 472 νη
961 437 1024 480 196
1051 437 1144 471 ultra
1162 437 1260 481 quod
1279 436 1363 472 ebd:
1389 436 1519 471 ultima
1537 436 1635 481 quod
1652 437 1789 480 βαμρνη

331 495 475 518 sursum
494 484 568 519 oris
588 486 624 519 E
827 491 889 527 197
916 484 1014 529 quod
1035 485 1071 518 E
1270 493 1337 527 203
1365 490 1569 528 praetereat
1586 482 1659 523 βτίτ
1684 494 1789 528 prae-

331 538 473 566 tereant
491 532 644 576 bappm:
673 530 859 576 poeniteat
877 542 895 564 e
1048 538 1113 574 205
1142 536 1288 565 noctem
1309 532 1318 570 (
1324 537 1430 565 nocte
1449 530 1514 573 bd)
1533 531 1571 564 E
1722 539 1788 573 207

331 578 431 623 quod
451 578 539 624 (quo
557 580 597 622 x)
616 589 635 612 e
653 591 659 613 ε
687 589 782 623 quae
799 593 812 610 ε
989 587 1057 621 209
1083 584 1227 612 sacrata
1244 584 1300 612 est
1319 578 1356 611 Ε
1538 586 1604 620 213
1632 587 1730 610 nunc
1748 591 1762 609 ε
1780 588 1788 611 :

332 632 409 660 tum
428 637 446 658 e
614 635 681 667 214
709 624 831 660 diuisa
852 624 945 669 (nisi
962 626 1064 669 qnod
1077 624 1224 659 diuersa
1242 624 1284 668 d)
1305 625 1343 658 E
1497 633 1565 666 217
1592 622 1788 667 nocturna]

331 683 399 706 nec
418 672 525 716 signa
543 673 581 706 E
722 681 792 717 219
817 672 984 707 Castoris
1004 683 1085 707 esse
1103 671 1203 706 uices
1221 671 1258 705 E
1401 681 1471 706 220
1496 683 1518 706 a
1536 670 1637 705 libris
1655 671 1741 709 ebss:
1769 683 1791 705 a

329 720 422 753 libra
440 719 577 764 dappm
732 729 799 763 223
825 718 925 764 quod
943 719 982 753 E
1132 726 1198 763 225
1225 718 1430 763 gaudentes
1448 729 1607 764 aequore
1624 718 1649 756 β
1664 727 1671 751 :
1699 728 1789 762 gau-

330 767 535 811 dentesque
551 777 713 812 aequore
731 767 760 801 d
771 778 778 801 :
806 767 1011 811 gaudentes
1030 765 1065 800 in
1086 776 1245 811 aequore
1262 766 1413 810 ebasrpm
1595 765 1663 799 228
1691 764 1790 808 posi-

329 813 450 858 tisque
468 814 536 854 ὐβε
562 813 778 859 positusque
795 814 950 859 edappm
1070 823 1135 857 231
1164 813 1344 857 ambiguis
1362 815 1411 857 ,up
1538 821 1605 856 232
1631 822 1791 857 parsque

331 861 474 895 marina
492 861 615 895 nitens
635 862 672 895 E
878 869 946 905 233
973 866 1083 905 atque
1102 860 1151 894 illi
1170 860 1378 904 de(di)gere
1397 859 1511 894 mixta
1531 861 1582 903 (in
1602 859 1671 894 ista
1688 860 1728 902 β)
1748 873 1762 891 ε
1781 870 1789 894 ;

332 915 441 953 atque
461 907 530 942 illis
549 915 667 943 terrea
684 908 798 943 mixta
815 919 833 942 e
1023 917 1092 952 234
1119 907 1230 952 curis]
1249 907 1393 942 causis¹
1412 907 1587 951 ebdapajim
1603 916 1610 940 :
1639 906 1748 941 rebus
1765 908 1791 947 β

331 964 395 997 241
426 961 599 990 contento
614 956 652 989 E
800 965 869 998 244
895 966 1050 989 uocasse
1069 970 1083 988 ε
1100 967 1107 989 :
1135 961 1284 989 notasse
1301 966 1319 988 e
1461 962 1529 996 247
1557 953 1736 988 librantur
1754 954 1791 987 E

331 1011 400 1045 249
427 1003 682 1037 conscendens
701 1001 928 1048 rnbdappm:
957 1003 1163 1037 consedens
1181 1013 1229 1036 x:
1257 1002 1453 1037 considens
1471 1003 1497 1043 β
1722 1008 1790 1044 253

331 1056 459 1084 contra
478 1049 570 1084 iacet
590 1050 626 1083 E
875 1057 940 1094 255
969 1049 1106 1094 obliqui
1125 1052 1173 1091 βε
1200 1049 1358 1094 obliquis
1375 1050 1537 1093 dappm:
1565 1046 1733 1092 obliquos
1752 1048 1791 1081 eb

332 1104 402 1140 259
427 1107 562 1131 cancro
580 1097 639 1131 cb:
666 1097 787 1131 cancri
806 1097 968 1141 [fidappm
1105 1097 1174 1131 260
1198 1097 1331 1131 desunt
1349 1097 1535 1140 Bdczppm:
1562 1095 1730 1130 dextrum
1749 1106 1789 1129 e:

331 1144 456 1178 dester
473 1144 492 1177 b
632 1152 699 1187 272
729 1144 810 1178 aliis
828 1144 922 1179 aliae
942 1144 979 1178 E
1126 1144 1194 1185 276
1220 1154 1459 1188 quaecunque
1476 1142 1559 1178 ferit
1576 1145 1650 1185 χβε
1677 1152 1790 1187 quae-

331 1201 475 1235 cunque
492 1197 616 1226 tamen
636 1191 842 1236 rnbdappm
987 1191 1054 1232 278
1081 1190 1195 1225 ternis
1213 1192 1277 1231 ⁶³33:
1306 1189 1412 1226 terris
1430 1190 1587 1235 bdaszpm
1723 1190 1789 1232 283

331 1237 396 1273 toti
416 1238 548 1272 desunt
569 1250 663 1283 quae
683 1239 719 1273 E
991 1238 1060 1272 286
1086 1238 1235 1273 dextera
1251 1249 1300 1273 x:
1328 1237 1456 1272 dextra
1472 1238 1501 1272 d
1511 1249 1519 1271 ε
1547 1234 1793 1281 dex(des-)ter

330 1285 538 1330 rnbfiapapm
703 1286 771 1327 287
798 1292 835 1320 at
853 1285 961 1327 νηβῑε
986 1285 1034 1320 ad
1052 1284 1276 1329 bs3²xdappm
1295 1284 1443 1329 (uersus
1459 1284 1513 1318 bis
1529 1284 1692 1328 scriplzcs
1708 1284 1749 1317 in
1766 1285 1792 1325 β

336 1347 370 1359 =
387 1331 438 1375 5¹,
455 1332 511 1377 3²)
617 1344 712 1378 quae
730 1344 772 1366 xe
788 1344 795 1367 :
823 1333 1005 1378 quaedam
1024 1344 1071 1366 νη
1143 1332 1290 1367 diuersa
1306 1333 1493 1377 xdappm:
1521 1331 1680 1365 aduersa
1697 1330 1792 1372 ran

331 1389 402 1423 290
427 1379 480 1414 sic
504 1379 638 1414 iustam
664 1387 807 1425 spectat
835 1380 986 1414 Libram
1014 1380 1054 1414 C.
1080 1386 1115 1414 et
1140 1379 1225 1413 inde
1245 1390 1285 1413 e:
1315 1380 1444 1414 dextra
1475 1378 1585 1422 (tetra
1610 1377 1644 1421 b)
1669 1377 1790 1412 ferunt

331 1426 463 1460 libram
482 1427 720 1472 capricornus
739 1433 881 1472 spectat
901 1433 934 1461 et
955 1426 1056 1461 illum
1077 1426 1191 1470 (illam
1209 1426 1247 1469 μ)
1267 1441 1281 1459 ε
1494 1435 1556 1470 291
1588 1425 1685 1459 hunc
1713 1452 1720 1460 .
1747 1451 1754 1458 .

331 1473 432 1507 illum
454 1475 490 1508 E
562 1486 583 1508 a
602 1486 670 1509 om.
691 1475 728 1508 E
848 1484 913 1518 292
941 1474 1047 1508 laeua
1064 1474 1150 1513 εὐβε
1178 1474 1308 1508 laeuae
1325 1474 1464 1518 dappm
1561 1481 1630 1515 294
1651 1471 1791 1506 scilicet

330 1520 463 1563 (silicet
479 1522 519 1563 β)
540 1522 578 1555 Ε
720 1530 785 1566 295
813 1529 991 1566 ternaque
1012 1522 1107 1563 (nisi
1121 1522 1223 1565 quod
1235 1528 1405 1565 terraque
1423 1520 1456 1564 b)
1477 1520 1514 1554 E
1612 1520 1792 1564 quadrate

331 1568 466 1612 fingere
487 1569 524 1602 Ε
584 1570 652 1612 298
680 1567 733 1613 ut]
754 1580 798 1603 ac
816 1580 886 1603 rn:
915 1580 984 1602 om.
1002 1580 1044 1602 ,τε
1107 1577 1174 1611 313
1194 1568 1311 1602 tribus
1326 1566 1618 1602 adirimentibus
1631 1577 1677 1601 x:
1700 1567 1792 1600 haec

330 1627 352 1649 a
380 1615 638 1650 dirimentibus
668 1616 827 1661 dappm:
855 1628 877 1650 a
904 1615 1161 1650 dirimentibus
1189 1615 1298 1659 (haec
1323 1614 1407 1658 om.)
1427 1617 1475 1657 βε
1502 1613 1620 1648 tribus
1641 1613 1679 1658 (a
1703 1613 1790 1657 mn.)

331 1662 579 1697 mediantibus
598 1674 644 1697 νη
660 1674 668 1697 :
695 1663 806 1698 ardiri
824 1663 1011 1697 mentibus
1030 1663 1049 1696 b
1171 1672 1239 1706 314
1264 1668 1469 1697 extremum
1489 1676 1501 1695 ε
1518 1672 1526 1695 :
1553 1667 1755 1696 extremam
1774 1672 1792 1694 e

330 1719 400 1754 320
425 1710 516 1744 fallit
533 1711 571 1744 E
782 1720 849 1754 322
876 1718 931 1745 ter
948 1709 1099 1755 triginta
1115 1710 1154 1743 E
1305 1709 1486 1754 quadrum
1507 1723 1520 1742 ε
1539 1719 1546 1743 :
1574 1708 1755 1753 quadram
1774 1719 1792 1740 e

331 1757 398 1800 326
425 1757 607 1792 subiuncti
626 1768 665 1791 e:
694 1757 897 1793 subiunctis
915 1772 930 1791 ε
1086 1757 1153 1800 328
1180 1756 1342 1801 duplicat
1362 1756 1454 1800 (nisi
1469 1756 1570 1800 quod
1584 1755 1732 1800 duplica
1749 1754 1789 1797 d)

330 1805 367 1838 E
461 1811 641 1850 quaterna
660 1806 697 1839 E
852 1814 920 1849 334
948 1804 1063 1839 ternis
1075 1806 1149 1849 pro
1166 1803 1270 1838 trinis
1287 1805 1312 1843 β
1474 1810 1539 1847 335
1568 1802 1731 1847 quintam
1749 1813 1788 1837 e:

329 1858 497 1897 quartam
517 1866 531 1884 ε
746 1860 813 1897 337
841 1851 987 1887 iunctus
1005 1862 1074 1886 rn:
1102 1851 1246 1885 cunctis
1263 1862 1305 1884 χε
1520 1859 1588 1894 339
1614 1855 1736 1884 rectae
1755 1849 1791 1882 E

329 1908 400 1942 340
425 1910 522 1934 uem.
539 1910 609 1933 om.
628 1899 666 1933 eb
681 1911 688 1934 :
715 1899 850 1933 hahent
864 1898 1027 1944 βίίαμρυῑ
1124 1898 1272 1933 foedere
1288 1897 1408 1941 legem
1425 1897 1588 1942 Bdappm
1723 1905 1791 1940 342

328 1945 492 1989 trigonos
510 1947 546 1980 Ε
689 1946 756 1990 346
782 1946 958 1981 continuo
977 1947 1014 1980 Ε
1157 1946 1225 1989 348
1252 1945 1508 1989 detractetque
1523 1945 1560 1978 Ε
1722 1952 1791 1987 349

327 1992 462 2027 efficiat
482 1995 519 2028 Ε
662 2003 730 2039 350
756 1994 853 2028 iuuet
871 1994 909 2027 E
1063 2000 1127 2036 351
1158 1993 1230 2026 sint
1247 1993 1286 2026 E
1440 2000 1507 2036 353
1534 1990 1736 2036 quadratus
1756 1991 1793 2025 E

330 2048 396 2083 357
423 2040 585 2075 demittit
609 2052 682 2075 rn:
710 2040 863 2075 dimittit
885 2052 928 2074 xe
1184 2040 1251 2083 358
1278 2038 1460 2084 deuiaque
1485 2038 1671 2083 (leniaque
1694 2037 1728 2080 b)
1754 2038 1792 2072 E

329 2088 392 2130 361
424 2099 488 2132 per
506 2088 598 2122 tales
618 2088 824 2122 formantur
842 2087 984 2132 singula
1004 2086 1142 2132 (sidera
1157 2087 1192 2129 b)
1211 2087 1318 2120 limas
1337 2086 1458 2128 (binas
1473 2086 1501 2128 b,
1521 2085 1636 2120 lineas
1650 2083 1682 2129 e)
1701 2085 1765 2126 εὐβ
1781 2096 1788 2119 :

330 2145 394 2179 per
413 2135 523 2169 calles
550 2162 556 2169 .
585 2161 593 2169 .
622 2161 629 2169 .
656 2135 762 2169 limos
779 2136 916 2179 dappm
1078 2135 1146 2178 366
1171 2134 1400 2179 aduersaque
1418 2140 1523 2167 tauro
1541 2133 1579 2166 E
1722 2132 1791 2176 369

330 2188 555 2226 praeteream
575 2183 612 2216 Ε
754 2191 825 2226 370
849 2182 889 2216 fit
904 2183 940 2216 E
1040 2181 1111 2216 illis
1127 2183 1163 2215 E
1306 2189 1370 2224 371
1400 2180 1601 2214 inclinant:
1625 2190 1669 2213 ac
1685 2189 1733 2213 ne
1751 2194 1763 2212 ε
1782 2189 1789 2212 :

329 2228 507 2264 inclinant
525 2229 643 2264 aciem
662 2241 679 2263 e
862 2238 929 2273 374
956 2228 1064 2264 tertia
1083 2240 1262 2263 conuerso
1283 2228 1376 2271 (m'sz'
1391 2227 1492 2272 quod
1505 2233 1610 2262 terna
1625 2237 1790 2261 conuexo

327 2276 368 2319 β)
389 2277 426 2310 Ε
537 2284 602 2321 375
631 2283 668 2311 et
686 2288 781 2321 quae
800 2277 837 2310 E
932 2287 1096 2311 connexo
1114 2276 1203 2310 ebda
1219 2287 1225 2310 ε
1254 2286 1421 2309 connexa
1438 2280 1494 2309 est
1511 2276 1624 2319 βμρηῑ
1722 2281 1790 2316 379

331 2323 502 2358 Phoebus
530 2350 536 2357 .
563 2350 570 2358 .
598 2350 604 2357 .
633 2324 862 2368 propinquus
880 2324 916 2358 E
1106 2323 1176 2366 380
1201 2323 1300 2367 quod
1318 2322 1488 2357 euntibus
1508 2321 1544 2354 E
1722 2320 1788 2364 381

329 2370 394 2404 sed
414 2372 450 2404 E
616 2373 683 2414 382
713 2383 750 2405 50
769 2372 847 2412 (sex
864 2373 905 2414 β)
924 2370 1152 2414 coniungunt
1172 2371 1209 2404 Ε
1373 2369 1440 2413 383
1467 2368 1518 2403 510
1537 2367 1735 2413 quicquam
1754 2367 1791 2400 E

329 2418 396 2460 384
422 2417 531 2452 certis
550 2418 618 2452 sub
637 2420 673 2452 E
785 2419 946 2462 385—432
973 2418 1014 2451 in
1034 2418 1238 2451 Bodlez'mm
1255 2417 1600 2450 Bom'montrianae
1615 2415 1791 2449 editionis

328 2465 537 2509 exemplari
550 2466 650 2499 deest
654 2465 798 2511 folium
813 2479 823 2498 .·
850 2467 936 2499 item
955 2465 1095 2509 619-59
1267 2463 1335 2506 386
1362 2463 1473 2497 habet
1493 2463 1529 2496 Ε
1659 2462 1725 2505 387
1753 2461 1790 2495 111

328 2523 367 2546 50
386 2518 520 2546 cuncta
539 2512 577 2545 E
758 2513 826 2556 389
853 2512 1106 2557 semper(-que
1124 2510 1213 2553 om.)
1231 2511 1270 2544 Ε
1431 2519 1497 2553 393
1525 2509 1630 2552 signa
1646 2507 1734 2542 facit
1753 2509 1791 2542 E

328 2568 396 2602 394
422 2559 621 2603 absumpto
639 2570 684 2593 νη
702 2570 709 2594 :
736 2558 1011 2604 ad(as)sumpto
1028 2570 1070 2592 xe
1208 2566 1273 2602 395
1301 2564 1410 2602 atque
1427 2569 1472 2592 ea
1489 2568 1527 2591 e:
1555 2562 1668 2601 utque
1685 2566 1729 2590 ea
1747 2556 1766 2589 b
1781 2566 1788 2589 :

326 2612 436 2650 atque
456 2606 506 2640 ita
524 2607 661 2650 [ίαμρυῑ
806 2616 876 2650 390
901 2617 1046 2652 quoque
1062 2606 1098 2639 E
1159 2606 1324 2640 ferantur
1339 2605 1376 2638 E
1488 2612 1554 2646 401
1586 2603 1737 2637 Phoebo
1753 2602 1790 2636 E

326 2661 395 2695 412
422 2664 558 2696 genere
577 2667 592 2687 ε
610 2664 616 2687 ;
644 2664 821 2697 generum
839 2666 858 2687 e
1000 2662 1068 2696 413
1095 2664 1244 2687 suorum
1262 2658 1318 2686 est
1334 2653 1370 2686 E
1505 2660 1574 2693 414
1599 2656 1739 2684 astrum
1753 2650 1790 2683 E

326 2701 395 2742 418
421 2711 517 2734 uers.
536 2711 604 2734 om.
622 2711 650 2733 x
778 2710 844 2744 421
874 2700 1110 2745 aestiuosque
1129 2700 1165 2733 E
1299 2708 1368 2741 422
1395 2709 1533 2733 annum
1550 2697 1589 2731 E
1719 2696 1790 2738 426

328 2747 386 2781 1110
406 2747 443 2780 Ε
649 2755 717 2789 427
744 2748 909 2792 aequalis
926 2758 992 2781 xe:
1019 2746 1186 2792 aequatis
1202 2758 1250 2781 rn
1455 2755 1522 2790 431
1552 2744 1740 2779 decertent
1759 2754 1787 2777 5.

337 2844 347 2863 ¹
374 2854 453 2874 cura
470 2847 500 2874 et
513 2853 614 2874 causa
629 2844 705 2874 item
723 2843 983 2882 confimduntur
996 2843 1029 2873 in
1047 2843 1138 2873 libris
1154 2842 1247 2882 apud
1263 2841 1380 2872 szull.
1400 2841 1445 2871 iii.
1461 2851 1490 2872 2.
1507 2851 1558 2882 29,
1581 2839 1684 2871 Culex
1699 2839 1773 2878 264.

1026 2900 1098 2945 156
