1934 3220
295 114 436 158 MAN
444 117 530 158 ILI

295 233 497 287 bellaque
531 233 782 276 morborum
817 235 955 277 caecis
985 237 1226 291 pugnantia
1257 239 1368 291 telis,

298 292 459 333 uiribus
490 291 747 345 ambiguum
779 293 965 347 geminis
996 307 1173 335 casusne
1204 296 1344 347 deine,

296 363 409 392 nunc
441 349 526 390 huc
559 363 672 391 nunc
705 349 805 391 illuc
836 357 997 393 sortem
1029 353 1238 393 mutantis
1270 359 1508 409 utramque.

295 409 371 451 sed
406 408 598 448 medium
634 414 734 461 post
767 414 884 450 astra
915 409 1031 451 diem
1065 417 1331 465 curuataque
1364 413 1552 465 primum
1685 430 1749 466 905

296 466 486 507 culmina
520 465 712 506 nutantis
745 479 918 507 summo
952 467 1007 508 de
1041 469 1203 509 uertice
1236 470 1385 511 mundi

297 523 530 576 †aethera†
564 522 767 564 Phoebus
798 523 942 573 habet,
976 524 1057 566 sub
1089 539 1176 579 quo
1208 527 1311 579 quia
1343 541 1524 582 corpora
1555 535 1703 572 nostra

297 583 526 634 detergent
559 580 667 621 uitia
700 588 743 622 et
776 581 994 623 fortunam
1029 597 1085 624 ex
1119 583 1282 625 uiribus
1316 585 1406 626 eius

298 639 549 691 concipiunt
581 638 688 679 deus
721 638 791 679 ille
829 639 950 680 locus
983 641 1065 682 sub
1100 642 1276 683 nomine
1311 642 1444 684 Graio

297 697 464 738 dicitur.
530 695 630 736 huic
661 697 844 738 aduersa
878 698 1034 749 nitens,
1065 711 1178 751 quae
1210 700 1350 753 prima
1382 702 1565 756 resurgit
1684 720 1752 753 910

296 754 472 796 sedibus
506 767 564 794 ex
597 753 694 794 imis
729 755 975 808 iterumque
1008 757 1176 799 reducit
1210 756 1467 811 Olympum,

297 825 398 866 pars
430 811 580 852 mundi
613 811 872 866 furuumque
907 814 1013 855 nitet
1048 815 1285 868 mortisque
1315 818 1528 869 gubernat

296 877 339 912 et
368 869 594 911 dominam
628 871 827 923 agnoscit
861 870 1067 913 Phoeben
1102 871 1290 914 fraterna
1324 874 1547 917 uidentem

295 941 430 982 regna
463 940 539 981 per
570 927 775 969 aduersas
808 928 915 970 caeli
948 929 1158 984 fulgentia
1188 937 1334 985 partes

298 983 494 1042 [fataque
527 985 746 1027 damnosis
781 986 1027 1028 imitantem
1064 986 1221 1029 finibus
1251 988 1396 1042 orbis].
1685 1006 1750 1041 9¹5

296 1044 396 1086 huic
427 1043 539 1097 parti
571 1044 654 1084 dea
688 1057 847 1085 nomen
885 1045 965 1086 erit
999 1045 1205 1087 Romana
1239 1060 1316 1100 per
1349 1061 1435 1097 ora,

298 1101 483 1143 Graecia
517 1114 624 1142 uoce
656 1114 734 1142 sua
767 1101 942 1143 titulum
976 1103 1178 1157 designat
1212 1105 1411 1146 eundem.

297 1172 395 1201 arce
426 1159 502 1200 sed
536 1159 579 1199 in
610 1158 728 1209 caeli,
751 1172 838 1213 qua
869 1173 1042 1201 summa
1073 1161 1254 1202 accliuia
1286 1162 1416 1203 finem

297 1218 533 1265 inueniunt,
564 1230 651 1270 qua
682 1217 938 1271 principium
971 1219 1157 1260 decliuia
1187 1228 1380 1270 sumunt,

296 1275 575 1327 culminaque
606 1275 835 1328 insurgunt
867 1289 1046 1317 occasus
1076 1278 1186 1318 inter
1217 1284 1260 1318 et
1291 1285 1412 1319 ortus
1690 1297 1754 1329 920

295 1333 654 1386 suspenduntque
686 1346 763 1374 suo
794 1332 999 1375 libratum
1031 1335 1234 1377 examine
1265 1336 1489 1387 mundum,

296 1391 449 1432 asserit
479 1390 591 1431 hanc
624 1389 844 1444 Cytherea
876 1392 956 1432 sibi
989 1406 1063 1446 per
1095 1393 1237 1434 sidera
1268 1395 1417 1435 sedem

296 1457 339 1490 et
370 1448 503 1490 ueluti
535 1446 691 1489 faciem
723 1449 874 1490 mundi
907 1462 984 1490 sua
1015 1449 1201 1492 collocat
1231 1464 1328 1493 ora:

297 1519 472 1560 quaque
503 1506 697 1547 humana
729 1507 852 1559 regit,
883 1508 1060 1561 propria
1091 1514 1157 1549 est
1189 1508 1288 1550 huic
1321 1509 1492 1551 reddita
1524 1511 1638 1564 parti

296 1565 383 1606 uis:
420 1571 462 1605 et
495 1564 694 1617 coniugia
725 1570 769 1605 et
799 1564 1018 1607 thalamos
1048 1566 1289 1620 taedasque
1320 1566 1548 1620 gubernat.
1687 1584 1752 1618 9²5

295 1623 403 1664 haec
433 1621 572 1664 tutela
604 1623 732 1664 docet
766 1635 971 1664 uenerem
1003 1637 1081 1666 sua
1112 1624 1200 1666 tela
1233 1638 1421 1666 mouere.

296 1693 455 1722 nomen
487 1680 568 1721 erit
600 1680 795 1721 Fortuna
827 1680 933 1722 loco.
993 1695 1081 1735 quo
1112 1682 1287 1736 percipe
1319 1689 1524 1733 mentem,

295 1746 344 1780 ut
375 1738 524 1780 breuia
555 1739 598 1778 in
629 1738 764 1791 longo
796 1740 1059 1793 compendia
1090 1740 1280 1782 carmine
1310 1747 1541 1794 praestem.

294 1804 340 1837 at
371 1809 458 1849 qua
488 1795 674 1837 subsidit
705 1809 916 1838 conuerso
946 1798 1122 1838 cardine
1153 1799 1340 1839 mundus

295 1854 581 1895 fundamenta
612 1860 762 1894 tenens
794 1854 1026 1896 aduersum
1060 1862 1102 1896 et
1133 1856 1312 1910 suspicit
1342 1857 1494 1898 orbem
1685 1875 1754 1908 930

296 1926 346 1954 ac
377 1911 521 1952 media
550 1911 631 1952 sub
663 1917 791 1953 nocte
822 1912 946 1963 iacet,
977 1911 1190 1954 Saturnus
1223 1915 1265 1954 in
1297 1913 1369 1955 illa

296 1975 418 2023 parte
450 1982 549 2010 suas
580 1969 718 2023 agitat
749 1969 873 2018 uires,
903 1969 1095 2012 deiectus
1126 1977 1170 2012 et
1200 1970 1294 2025 ipse

297 2027 481 2082 imperio
514 2027 734 2080 quondam
767 2027 916 2068 mundi
947 2027 1145 2082 solioque
1177 2028 1370 2077 deorum,

296 2092 340 2127 et
370 2091 496 2138 pater
526 2086 568 2125 in
600 2085 764 2139 patrios
795 2092 969 2128 exercet
1002 2086 1181 2128 numina
1212 2100 1335 2128 casus

295 2143 602 2196 fortunamque
632 2156 814 2195 senum;
855 2144 979 2197 priua
1010 2150 1075 2186 est
1106 2145 1242 2186 tutela
1273 2146 1474 2194 duorum,
1687 2163 1753 2197 935

339 2277 404 2306 902
434 2270 509 2297 ante
539 2266 627 2297 hunc
656 2277 688 2298 u.
724 2266 891 2298 lemmatis
920 2267 1027 2297 instar
1055 2269 1088 2298 in
1120 2267 1162 2298 M
1195 2268 1285 2299 PER
1319 2267 1482 2299 TANTA
1517 2267 1754 2301 PERICVLA

298 2309 476 2342 MORTIS
493 2322 500 2341 ε
522 2310 670 2350 spatium
689 2311 791 2341 unius
807 2321 924 2341 uersus
940 2311 1065 2350 reliquit
1080 2310 1108 2341 L
1286 2322 1350 2351 903
1374 2311 1513 2343 Viribus
1531 2311 1560 2343 G
1575 2324 1581 2343 :
1605 2313 1708 2344 iribus
1725 2313 1753 2343 L

296 2354 484 2393 ambiguam
501 2353 576 2385 Ven.
647 2355 818 2393 geminum
839 2354 867 2385 G
934 2365 1076 2385 casusne
1094 2355 1193 2385 deine
1207 2354 1348 2386 Bret'ter:
1375 2365 1558 2395 causasque
1576 2359 1754 2396 [causaque

296 2396 355 2436 Β)
374 2398 495 2437 deique
514 2398 637 2438 (diesq;
659 2397 751 2437 Ven.)
771 2397 860 2428 codd.
984 2409 1048 2438 904
1074 2403 1250 2437 utramque
1269 2398 1318 2429 G:
1342 2403 1483 2438 utraque
1500 2399 1574 2430 LM
1689 2410 1751 2440 907

297 2441 398 2472 habet
409 2441 720 2481 Regzbmontanus:
744 2446 799 2472 aut
812 2441 902 2472 codd.
992 2452 1055 2481 quo
1070 2442 1146 2481 quia
1159 2441 1262 2472 Ellis:
1280 2452 1412 2482 quoque
1435 2442 1525 2473 codd.
1593 2448 1650 2474 aut
1676 2468 1682 2474 .
1709 2469 1715 2475 .
1743 2469 1749 2475 .

297 2495 428 2524 quoque
446 2494 511 2515 om.
535 2484 610 2515 Ven.
789 2486 854 2525 908
878 2486 1058 2524 detergent
1075 2486 1208 2525 scripsi:
1233 2486 1422 2517 decernunt
1438 2485 1527 2517 codd.
1619 2486 1752 2518 fortuna

297 2528 507 2559 inexuiribus
525 2527 566 2558 M
687 2538 751 2567 909
774 2529 965 2568 concipiunt
983 2529 1293 2568 Regiomontanus:
1319 2530 1525 2569 concupiunt
1544 2532 1752 2570 (concupunt

298 2572 357 2612 Ll)
374 2571 463 2602 codd.
576 2581 642 2610 910
665 2572 741 2602 huic
758 2572 1045 2613 Regt'omontanus
1060 2584 1066 2603 :
1090 2573 1154 2603 huc
1171 2572 1260 2604 codd.
1361 2583 1422 2613 911
1450 2575 1638 2613 iterumque
1658 2572 1752 2605 GL²:

298 2616 420 2645 iterum
438 2613 479 2643 L¹
495 2626 502 2644 :
527 2625 646 2645 uerum
663 2615 704 2645 M
833 2625 897 2655 912
921 2616 1098 2655 martisque
1120 2615 1195 2646 Ven.
1324 2626 1388 2656 913
1413 2616 1549 2647 domina
1566 2618 1753 2657 magnoscit

298 2657 346 2699 M,
364 2668 443 2689 corr.
463 2668 553 2689 man.
573 2669 628 2689 rec.
857 2668 919 2699 915
944 2659 1141 2699 dampnosis
1158 2659 1185 2689 L
1312 2665 1495 2691 mutantem
1512 2659 1555 2690 M
1661 2660 1752 2694 orbis

296 2701 554 2733 Bom'ncontrius
568 2714 574 2732 ι
598 2701 665 2732 oris
682 2702 771 2732 codd.
885 2713 1021 2734 uersum
1037 2702 1164 2733 seclusit
1178 2703 1313 2743 Bentley
1523 2704 1588 2742 918
1611 2703 1752 2735 acclinia

296 2744 554 2776 Bom'ncontrius
568 2756 574 2775 :
599 2745 741 2775 decliuia
757 2745 845 2776 codd.
956 2757 1020 2786 920
1045 2746 1231 2785 culmiaque
1248 2746 1403 2788 Scaliger*
1420 2760 1425 2778 ε
1452 2746 1502 2778 cul
1521 2747 1673 2786 muicque
1690 2744 1750 2778 M:

297 2789 473 2827 culmineq.
497 2792 528 2829 (e
544 2799 620 2819 cnm
639 2799 702 2819 ras.
723 2789 765 2829 L)
786 2788 844 2819 GL
917 2792 945 2820 Sc
965 2787 1017 2822 in't‘
1032 2795 1122 2820 ortus
1142 2790 1240 2820 ''linea
1254 2795 1314 2829 per
1327 2795 1356 2823 Sc
1374 2791 1488 2823 ducta:
1515 2795 1555 2821 etr
1565 2796 1636 2832 sup.
1657 2796 1750 2821 ortus

1000 2846 1053 2895 56
