1934 3220
256 161 489 204 MANILI

257 277 375 328 quod
410 275 489 316 nisi
523 275 720 328 cognatis
754 273 959 315 membris
992 279 1198 313 contexta
1231 279 1426 313 maneret

258 333 461 375 machina
494 340 536 375 et
570 332 779 387 imposito
811 337 981 386 pareret
1012 336 1106 371 tota
1139 330 1359 384 magistro,

256 405 306 433 ac
336 397 506 433 tantum
541 390 690 432 mundi
724 395 891 442 regeret
924 388 1154 442 prudentia
1185 401 1375 439 censum,

258 463 343 491 non
377 456 490 491 esset
523 449 655 490 statio
687 448 823 499 terris,
854 460 938 487 non
972 446 1162 488 ambitus
1194 446 1330 495 astris,
1673 458 1716 493 70

257 508 540 560 haereretque
572 520 708 559 uagus
741 506 926 546 mundus
958 505 1203 557 standoque
1230 503 1398 557 rigeret,

261 578 338 606 ηερ
369 579 447 606 sua
479 565 715 618 dispositos
747 568 968 604 seruarent
999 562 1140 603 sidera
1171 574 1333 611 cursus,

261 636 439 677 noxque
470 623 635 664 alterna
666 621 781 662 diem
814 621 983 674 sugeret
1016 633 1271 672 rursumque
1303 619 1498 673 fugaret3

262 693 348 721 non
383 681 545 722 imbres
577 679 743 720 alerent
775 685 926 727 terras,
959 691 1046 719 non
1078 677 1255 718 aethera
1288 677 1419 725 uenti,

260 751 338 779 nec
371 745 531 792 pontus
561 737 764 792 grauidas
796 737 944 786 nubes,
977 749 1054 776 nec
1087 735 1266 777 flumina
1298 741 1497 788 pontum,
1676 748 1714 783 75

261 809 340 837 ηερ
371 796 554 851 pelagus
586 795 740 846 fontes,
774 809 850 836 nec
883 801 1018 836 staret
1050 807 1221 834 summa
1255 806 1331 846 per
1363 793 1505 834 omnis

260 868 339 908 par
372 867 546 909 semper
577 861 726 907 partes
758 866 899 906 aequo
931 852 1099 906 digesta
1131 858 1322 904 parente,

262 919 308 953 ut
339 925 480 965 neque
512 911 749 953 deficerent
781 911 925 952 undae
957 923 1035 951 ηερ
1067 910 1227 951 sideret
1258 908 1389 959 orbis,

262 983 339 1010 nec
372 970 541 1012 caelum
575 971 690 1012 iusto
723 969 917 1010 maiusue
949 969 1146 1010 minusue
1178 967 1355 1008 uolaret.

264 1034 408 1069 motus
441 1028 531 1081 alit,
565 1041 650 1068 non
683 1034 824 1068 mutat
856 1040 994 1080 opus;
1026 1026 1085 1067 sic
1116 1026 1261 1067 omnia
1293 1030 1388 1066 toto
1675 1031 1719 1062 80

261 1087 512 1140 dispensata
544 1091 721 1127 manent
753 1085 919 1126 mundo
948 1085 1262 1138 dominumque
1293 1089 1544 1136 sequuntur.

262 1144 332 1186 hic
364 1145 494 1199 igitur
525 1145 632 1185 deus
665 1151 707 1185 et
740 1144 862 1193 ratio,
894 1156 1007 1196 quae
1039 1149 1194 1184 cuncta
1225 1142 1453 1196 gubernat,

261 1203 382 1244 ducit
414 1203 468 1244 ab
500 1202 708 1243 aetheriis
740 1209 912 1243 terrena
944 1200 1149 1242 animalia
1180 1199 1340 1252 signis:

262 1274 374 1314 quae
404 1274 670 1314 quamquam
703 1260 836 1314 longo
866 1260 985 1314 cogit
1017 1265 1237 1299 summota
1269 1270 1436 1298 recessu

262 1319 410 1360 sentiri
444 1325 604 1369 tamen,
636 1325 683 1359 ut
715 1318 829 1359 uitas
859 1331 909 1359 ac
940 1317 1030 1358 fata
1063 1316 1308 1357 ministrent
1678 1322 1720 1363 85

263 1377 464 1432 gentibus
495 1390 545 1418 ac
577 1376 778 1430 proprios
810 1389 887 1430 per
919 1375 1088 1428 singula
1120 1388 1303 1428 corpora
1336 1387 1488 1414 mores,

264 1448 342 1476 nec
374 1435 502 1476 nimis
535 1441 601 1476 est
633 1435 881 1487 quaerenda
914 1432 1043 1475 fides:
1087 1433 1146 1474 sic
1179 1437 1394 1485 temperat
1426 1444 1529 1472 arua

264 1493 447 1541 caelum,
479 1493 538 1534 sic
569 1493 711 1534 uarias
743 1492 890 1547 fruges
922 1492 1153 1545 redditque
1185 1491 1399 1544 rapitque,

263 1551 324 1592 sic
356 1557 540 1604 pontum
573 1557 721 1592 mouet
755 1564 804 1591 ac
837 1550 961 1591 terris
994 1549 1193 1590 immittit
1222 1554 1266 1590 et
1298 1548 1461 1589 aufert:

263 1616 396 1662 atque
428 1609 533 1650 haec
566 1609 723 1650 seditio
756 1608 936 1662 pelagus
969 1621 1080 1648 nunc
1111 1607 1252 1648 sidere
1284 1606 1409 1647 lunae
1678 1623 1722 1655 90

265 1674 385 1709 mota
416 1673 536 1708 tenet
567 1680 679 1709 nunc
711 1667 882 1708 diuerso
914 1666 1139 1708 stimulata
1171 1678 1353 1717 recessu,

264 1739 378 1767 nunc
409 1725 509 1766 anni
541 1726 683 1779 spatio
718 1725 943 1766 Phoebum
977 1724 1186 1766 comitata
1217 1722 1440 1764 uolantem
1460 1735 1527 1771 ;—

264 1784 324 1824 sic
351 1784 577 1824 submersa
610 1783 729 1824 fretis
761 1783 1022 1825 concharum
1056 1789 1098 1822 et
1130 1795 1299 1823 carcere
1331 1780 1477 1821 clausa

264 1843 319 1883 ad
354 1841 481 1882 lunae
514 1847 684 1882 motum
719 1841 889 1882 uariant
920 1840 1125 1881 animalia
1157 1853 1313 1894 corpus

263 1906 308 1941 et
338 1906 414 1941 tua
445 1900 618 1950 damna,
649 1906 746 1940 tuas
778 1899 1014 1947 imitantur,
1049 1897 1191 1947 Delia,
1222 1898 1359 1945 uires;
1681 1910 1722 1945 95

265 1964 312 1999 tu
345 1971 520 2011 quoque
552 1957 752 1998 fraternis
783 1958 843 1998 sic
876 1957 1021 2011 perdis
1053 1957 1095 1996 in
1129 1956 1274 1997 oribus
1307 1969 1383 1996 ora

263 2023 395 2069 atque
427 2017 582 2057 iterum
614 2030 671 2056 εΧ
704 2016 869 2057 eisdem
903 2015 1072 2068 repetis,
1105 2020 1405 2068 quantumque
1437 2011 1609 2065 reliquit

264 2081 339 2115 aut
371 2074 494 2116 dedit
526 2073 609 2124 ille,
642 2073 773 2115 refers
805 2080 849 2115 et
879 2074 999 2114 sidus
1030 2073 1171 2114 sidere
1202 2078 1387 2113 constas.

264 2132 453 2186 denique
485 2131 545 2173 sic
578 2133 767 2186 pecudes
800 2139 843 2172 et
877 2139 1000 2173 muta
1030 2130 1236 2172 animalia
1267 2129 1407 2180 terris,

263 2203 361 2231 cum
396 2197 601 2232 maneant
634 2190 783 2244 ignara
815 2190 879 2231 sui
912 2189 1107 2243 legisque
1140 2202 1216 2242 per
1246 2201 1416 2236 aeuum,
1663 2202 1728 2225 100

306 2349 346 2388 67
372 2348 520 2379 menbris
540 2347 652 2387 GLM‚
671 2353 707 2379 ut
722 2354 813 2390 saepe
902 2353 1039 2379 cotexta
1058 2347 1086 2379 G
1185 2349 1228 2378 68
1253 2347 1401 2387 inposito
1419 2344 1460 2376 M
1546 2346 1588 2385 69
1612 2344 1728 2375 mundi

265 2392 357 2433 (cum
376 2404 439 2423 ras.
457 2396 532 2433 post
547 2393 610 2432 -di)
630 2393 657 2423 L
769 2403 910 2423 censum
928 2392 1094 2432 Scalzssgrer:
1118 2402 1255 2422 sensum
1272 2391 1359 2421 codd.
1475 2399 1515 2428 70
1538 2389 1672 2419 ambitis
1689 2388 1731 2418 M

265 2441 401 2475 regeret
419 2435 458 2466 M
546 2446 586 2475 74
610 2437 770 2467 aetherea
785 2436 825 2466 M
907 2446 947 2475 75
971 2436 1079 2466 nubes
1096 2436 1130 2466 iu
1147 2445 1212 2466 ras,
1229 2435 1257 2465 L
1340 2435 1381 2473 76
1405 2434 1516 2464 sontes
1533 2431 1576 2462 L²
1591 2443 1598 2463 :
1623 2432 1728 2463 sontis

268 2478 383 2510 GL¹M
494 2490 614 2511 omnes
630 2479 675 2510 L2
824 2490 863 2519 77
890 2491 951 2519 par
967 2480 1038 2511 dett.
1058 2491 1064 2510 :
1090 2489 1168 2519 pars
1184 2478 1273 2509 codd.
1399 2481 1514 2517 partes
1530 2475 1574 2506 L²
1590 2487 1597 2507 :
1621 2475 1728 2516 partis

266 2522 305 2553 L¹
396 2524 527 2563 acquod
544 2523 588 2554 Ll
705 2525 745 2563 78
769 2524 821 2562 ut]
840 2529 873 2554 et
894 2523 971 2555 Ven.
1061 2523 1152 2553 nude
1170 2522 1211 2552 M
1295 2521 1423 2553 siderei
1439 2520 1593 2559 Bentley:
1615 2520 1729 2550 sidera

265 2571 299 2598 et
319 2564 421 2611 Q.
444 2567 557 2610 sid-gra
577 2566 680 2598 GLM
773 2567 864 2598 orbis
885 2566 959 2599 Ven.
979 2566 1040 2598 M:
1064 2566 1162 2597 nobis
1182 2564 1270 2596 G2L2
1399 2575 1440 2604 79
1464 2564 1642 2603 minusque
1661 2562 1733 2593 GM

265 2613 304 2642 81
330 2614 444 2651 dnmq:
463 2613 523 2652 (dn
541 2612 574 2641 in
593 2611 675 2649 ras.)
695 2610 724 2640 L
915 2612 956 2651 83
980 2611 1153 2641 aethereis
1169 2610 1446 2640 Bonincontrius:
1471 2608 1621 2639 aeternis
1637 2606 1730 2638 codd.

265 2656 306 2693 84
331 2659 498 2686 summata
515 2655 557 2686 M
646 2656 688 2694 85
713 2655 781 2686 uita
798 2655 871 2685 LM
965 2655 1007 2685 86
1031 2654 1200 2685 mentibus
1219 2653 1295 2685 Ven.
1381 2653 1538 2693 proprius
1555 2650 1597 2681 Ll
1686 2651 1727 2689 87

265 2699 368 2730 nimis
380 2698 534 2739 Bentley:
558 2698 658 2730 minis
678 2698 716 2730 G*
736 2699 825 2740 (teste
845 2697 988 2739 lValker]
1005 2712 1010 2731 :
1035 2698 1147 2728 minus
1165 2697 1257 2728 G2L:
1284 2706 1406 2727 munus
1423 2696 1464 2726 M
1553 2694 1729 2735 querenda

265 2742 307 2773 M
382 2748 527 2783 temptat
542 2742 585 2773 M
678 2743 721 2782 89
745 2747 861 2774 monet
877 2742 920 2773 M
996 2752 1015 2773 a
1032 2746 1123 2773 terra
1141 2741 1182 2772 M
1266 2740 1405 2771 inmittit
1420 2738 1495 2770 LM
1583 2749 1627 2779 90
1650 2738 1730 2769 hinc

268 2785 343 2818 Ven.
428 2786 540 2818 sidere
557 2786 723 2826 Scaliger:
749 2787 862 2817 sidera
879 2785 967 2817 codd.
1056 2795 1095 2825 91
1124 2789 1216 2816 tenet
1236 2784 1312 2816 Vcn.
1328 2797 1333 2815 :
1360 2787 1479 2816 tenent
1497 2779 1602 2814 GLM
1681 2782 1730 2812 di-

266 2840 366 2862 uerso
387 2829 434 2862 cd.
455 2831 614 2861 Romana
636 2840 736 2869 1510:
763 2830 871 2861 diuiso
889 2829 977 2861 codd.
1111 2830 1271 2860 stimilatu
1290 2827 1363 2858 LM
1504 2836 1673 2858 recessum
1691 2825 1733 2856 M

986 2886 1009 2925 6
