1934 3220
298 133 531 175 MANILI

298 245 603 304 [†nascentum
634 254 765 301 atque
797 253 985 302 patrum,
1019 259 1131 300 quae
1162 245 1237 288 tali
1271 247 1447 288 condita
1479 259 1578 301 pars
1609 243 1709 303 est.]

296 319 424 358 asper
453 306 532 347 erit
564 306 739 359 templis
770 306 936 356 titulus,
968 318 1098 359 quem
1132 303 1315 345 Graecia
1347 304 1460 355 fecit,

296 363 591 412 daemonium,
623 364 855 417 signatque
886 376 985 404 suas
1017 376 1095 416 pro
1127 362 1306 403 nomine
1337 363 1463 403 uires.

297 434 410 462 nunc
442 434 535 475 age,
566 428 815 474 surgentem
849 421 990 475 primo
1021 421 1077 461 de
1107 421 1282 461 cardine
1315 420 1527 461 mundum

297 479 472 532 respice,
503 492 588 531 qua
620 477 771 519 solitos
802 478 1021 520 nascentia
1052 478 1178 532 signa
1210 490 1403 519 recursus
1684 494 1753 527 940

297 537 522 590 incipiunt,
554 535 704 577 uiridis
735 535 891 589 gelidis
922 541 966 577 et
999 536 1202 576 Phoebus
1232 536 1288 576 ab
1320 535 1444 577 undis

296 600 443 635 enatat
475 600 519 635 et
550 593 668 634 fuluo
698 594 911 647 paulatim
943 593 1191 634 accenditur
1223 593 1336 646 igne,

294 652 402 692 haec
434 657 509 692 tua
541 650 707 705 templa
739 650 894 702 ferunt,
927 650 1047 692 Maia
1082 649 1280 704 Cyllenie
1311 656 1434 691 nate:

295 716 339 751 et
371 709 513 757 facies,
546 708 581 748 si
615 714 748 762 gnata
780 716 919 762 notas,
949 709 1066 762 quod
1099 721 1259 749 nomen
1291 714 1335 749 et
1365 707 1445 762 ipsi

294 773 493 807 auctores
524 766 602 807 tibi
636 767 739 808 dant
771 768 875 809 artis
906 780 1017 821 quae
1050 766 1150 807 uicit
1182 765 1449 820 Olympum:
1683 782 1750 816 945

296 825 338 865 in
371 837 457 878 qua
488 824 707 866 fortunam
742 831 944 867 natorum
977 824 1170 866 condidit
1201 836 1376 864 omnem

294 888 448 924 natura
478 888 521 923 et
552 882 674 924 caelo
705 883 929 937 suspendit
960 888 1063 924 uota
1095 888 1341 936 parentum.

294 953 403 980 unus
435 941 476 980 in
508 953 662 982 occasu
695 940 815 982 locus
847 946 913 981 est
944 953 1085 994 super,
1115 939 1187 981 ille
1218 946 1416 981 ruentem

296 997 554 1052 praecipitat
587 999 801 1040 mundum
832 998 1022 1040 tenebris
1054 1005 1098 1039 et
1129 998 1269 1038 sidera
1299 1004 1461 1038 mersat

291 1064 501 1108 tergaque
532 1062 783 1110 prospectat
816 1055 992 1105 Phoebi,
1026 1056 1101 1108 qui
1132 1055 1301 1097 uiderat
1333 1068 1419 1096 ora.
1683 1070 1753 1104 950

292 1127 344 1155 ne
374 1114 539 1162 mirere,
573 1113 682 1167 nigri
713 1114 747 1154 si
781 1114 900 1155 Ditis
932 1113 1060 1155 ianua
1091 1113 1226 1156 fertur

293 1178 336 1212 et
368 1170 499 1211 finem
533 1172 690 1213 retinet
712 1172 828 1214 uitae
861 1203 869 1213 .
901 1204 909 1214 .
942 1204 979 1222 .,

292 1229 361 1270 hie
392 1229 523 1270 etiarn
557 1230 649 1284 ipse
680 1230 771 1270 dies
803 1229 986 1270 moritur
1016 1235 1240 1282 terrasque
1272 1241 1350 1281 per
1380 1228 1528 1269 orbem

292 1286 475 1341 subripit
507 1293 549 1328 et
582 1287 719 1328 noctis
750 1294 929 1342 captum
963 1286 1043 1327 sub
1073 1300 1242 1328 carcere
1273 1284 1448 1328 claudit.

291 1357 370 1385 nec
401 1357 486 1385 non
519 1350 562 1386 et
594 1344 695 1387 fidei
727 1344 910 1387 tutelam
944 1345 1136 1386 uindicat
1168 1344 1305 1397 ipsam
1688 1358 1751 1394 955

292 1403 478 1455 pectoris
510 1409 552 1443 et
584 1403 768 1457 pondus.
830 1409 955 1444 tanta
986 1410 1051 1444 est
1083 1403 1124 1443 in
1157 1403 1260 1443 sede
1292 1407 1500 1456 potestas,

291 1473 402 1513 quae
433 1467 563 1501 uocat
595 1466 638 1501 et
669 1460 819 1502 condit
853 1460 1081 1502 Phoebum
1114 1460 1355 1514 recipitque
1386 1458 1603 1513 refertque

290 1525 651 1572 consummatque
682 1519 811 1559 diem.
872 1518 948 1560 tali
979 1519 1060 1560 sub
1093 1517 1186 1571 lege
1219 1517 1436 1559 notandae

289 1575 556 1629 templorum
589 1577 667 1617 tibi
699 1583 802 1617 sunt
833 1577 956 1627 uires,
990 1589 1102 1630 quae
1132 1575 1331 1629 peruolat
1361 1575 1504 1616 omnis

289 1640 506 1674 astrorum
538 1633 667 1675 series
698 1634 906 1687 ducitque
938 1640 981 1675 et
1012 1633 1266 1675 commodat
1298 1632 1381 1674 illis
1682 1640 1749 1681 960

289 1692 382 1745 ipsa
412 1705 511 1733 suas
543 1692 674 1745 leges,
705 1692 942 1745 stellaeque
972 1706 1028 1733 ex
1060 1690 1211 1732 ordine
1240 1697 1371 1740 certo,

292 1755 339 1790 ut
370 1755 526 1791 natura
558 1750 672 1800 sinit,
704 1750 889 1791 lustrant
921 1750 1153 1803 uariasque
1183 1749 1379 1790 locorum

290 1807 480 1849 efficiunt
511 1807 634 1855 uires
667 1814 906 1861 utcumque
936 1808 1077 1848 aliena
1107 1812 1340 1861 capessunt

289 1877 423 1918 regna
453 1871 497 1906 et
528 1865 571 1906 in
602 1866 792 1907 externis
822 1865 1052 1906 subsidunt
1082 1864 1256 1918 hospita
1286 1864 1449 1906 castris.

287 1922 395 1964 haec
428 1922 534 1963 mihi
565 1924 645 1964 sub
677 1930 793 1965 certa
824 1923 1047 1965 stellarum
1080 1929 1205 1976 parte
1236 1929 1473 1972 canentur;
1684 1930 1748 1972 965

289 1994 403 2021 nunc
433 1981 537 2021 satis
569 1988 648 2031 est,
678 1981 783 2022 caeli
816 1987 960 2034 partes
990 1980 1227 2034 titulosque
1259 1986 1430 2021 notasse

287 2038 553 2091 effectusque
586 2039 666 2080 loci
699 2053 774 2093 per
805 2052 850 2080 se
882 2039 1090 2092 cuiusque
1120 2039 1326 2090 deosque.

291 2093 411 2152 [quoi
443 2096 555 2149 parti
588 2110 747 2137 nornen
780 2097 939 2150 posuit,
970 2097 1044 2150 qui
1077 2095 1276 2138 condidit
1306 2101 1458 2145 artem,

287 2161 534 2208 octotopos,
566 2167 642 2207 per
673 2156 792 2208 quod
824 2153 975 2196 stellae
1007 2154 1177 2196 diuersa
1209 2153 1406 2195 uolantes

287 2225 397 2265 quos
429 2212 614 2255 reddant
646 2219 801 2262 motuS,
834 2212 1010 2266 proprio
1042 2212 1161 2254 uenit
1193 2212 1345 2252 ordine
1376 2208 1552 2267 rerum]
1681 2225 1747 2262 970

332 2303 396 2341 936
421 2312 557 2333 uersum
574 2303 691 2333 seclusi
741 2308 939 2334 nascentum
960 2302 1051 2334 GL2:
1078 2302 1286 2333 nascendum
1304 2301 1364 2334 L1:
1390 2301 1662 2341 naseendumque
1681 2301 1751 2342 (sed

288 2356 365 2385 —que
382 2346 483 2386 eras.)
510 2345 557 2385 M,
578 2346 616 2386 cf.
634 2347 698 2386 962
744 2347 852 2386 adque
869 2346 917 2385 M,
939 2356 1017 2377 corr.
1038 2344 1079 2375 M
1086 2344 1097 2365 ¹
1209 2355 1270 2384 937
1294 2355 1394 2385 asper
1409 2344 1565 2385 Bentley:
1589 2354 1745 2385 asperum

286 2387 376 2419 codd.
396 2389 459 2419 erit
477 2389 536 2420 M:
561 2394 633 2420 erat
653 2389 711 2420 GL
776 2390 912 2430 templis
927 2390 1061 2430 scripsit
1085 2394 1219 2429 tempus
1238 2387 1296 2419 GL
1313 2400 1319 2419 ε
1343 2388 1503 2428 templum
1522 2387 1563 2418 M
1616 2398 1700 2428 quae
1718 2388 1747 2419 G

287 2432 366 2463 fecit
384 2432 661 2463 Bonincontn'us:
685 2433 750 2464 feci
766 2433 855 2464 codd.
1007 2442 1073 2473 939
1095 2433 1137 2463 de
1154 2442 1220 2463 om.
1241 2437 1314 2472 sup.
1333 2432 1389 2463 lin.
1410 2430 1486 2462 add.
1505 2431 1533 2462 L
1681 2441 1747 2471 940

286 2475 404 2506 solitos
429 2500 435 2506 .
462 2501 468 2506 .
497 2501 502 2506 .
530 2486 686 2507 recursus
710 2477 864 2517 Bentley:
896 2476 1004 2507 solido
1030 2500 1036 2507 .
1063 2500 1069 2506 .
1096 2501 1102 2506 .
1131 2485 1268 2506 recursu
1296 2475 1377 2506 GL:
1406 2476 1468 2506 soli
1494 2475 1583 2506 dona
1614 2477 1745 2507 scencia

287 2520 421 2558 signare
439 2529 538 2550 cursu
554 2519 629 2559 M1,
649 2531 726 2551 corr.
747 2531 840 2552 man.
859 2531 914 2553 rec.
1028 2529 1092 2559 943
1115 2524 1192 2550 nate
1209 2530 1274 2549 om.
1293 2519 1350 2550 M:
1376 2519 1442 2549 fate
1459 2516 1501 2548 L¹
1624 2528 1688 2558 944
1712 2525 1746 2550 et

288 2562 391 2593 facies
417 2563 445 2592 si
473 2568 575 2602 gnata
601 2568 699 2594 notas
726 2565 860 2605 scripsi:
884 2575 904 2595 o
921 2563 1027 2594 facies
1052 2563 1184 2602 signata
1204 2567 1282 2594 nota
1308 2563 1434 2603 (signat
1459 2567 1562 2593 anota
1578 2561 1635 2601 M)
1654 2561 1743 2593 codd.

286 2615 350 2645 945
374 2606 457 2636 artis
473 2617 556 2645 quae
573 2606 737 2647 Scaliger:
761 2612 852 2638 artes
870 2617 932 2647 qua
948 2606 1036 2638 codd.
1107 2606 1188 2636 uicit
1205 2607 1339 2646 scripsi:
1363 2606 1456 2636 ducit
1473 2604 1560 2636 codd.
1680 2615 1744 2645 947

287 2654 321 2680 et
339 2649 433 2680 caelo
449 2650 580 2690 scripsi:
605 2661 647 2680 ex
666 2652 722 2681 illo
739 2650 829 2681 codd.
950 2651 1014 2690 948
1038 2649 1131 2680 lacus
1152 2649 1226 2680 Vcn.
1333 2659 1399 2690 949
1421 2649 1572 2680 tenebris
1589 2647 1744 2689 Bentley:

286 2693 386 2724 terris
403 2692 493 2723 codd.
584 2699 707 2725 mersat
724 2694 798 2725 dett.
816 2706 822 2725 z
847 2694 963 2725 mersit
978 2693 1067 2724 codd.
1186 2702 1253 2732 950
1275 2697 1435 2732 tergaque
1451 2692 1617 2732 Scaliger:
1640 2696 1744 2723 terra-

286 2746 350 2776 que
367 2735 454 2766 codd.
613 2747 676 2776 952
699 2737 816 2768 lacuna
832 2739 866 2768 in
884 2736 974 2768 codd.
992 2748 997 2767 :
1022 2736 1187 2776 mortique
1204 2737 1335 2767 locatur
1349 2736 1512 2777 suppleuit
1528 2746 1585 2767 rec.
1604 2745 1694 2767 man.
1716 2734 1745 2766 G

285 2789 349 2818 953
374 2779 428 2810 hic
447 2779 599 2819 Bentley:
623 2781 700 2811 hinc
718 2780 806 2811 codd.
971 2790 1034 2820 954
1058 2780 1202 2819 supripit
1222 2779 1250 2811 G
1414 2780 1479 2820 958
1503 2784 1742 2818 consumatque

287 2823 316 2853 G
332 2823 407 2853 Ven.
498 2822 575 2853 talis
591 2823 621 2853 G
709 2824 783 2864 lege
802 2824 906 2855 L¹M:
932 2829 1030 2854 nocte
1050 2823 1122 2854 GL2
1293 2832 1359 2863 959
1382 2833 1466 2863 quae
1484 2822 1638 2862 Bentley:
1663 2831 1744 2861 quas

286 2866 373 2897 codd.
464 2865 578 2908 puolat
595 2867 629 2898 in
646 2877 709 2899 νας.
731 2867 757 2898 L
940 2869 1005 2907 962
1029 2866 1239 2907 lustrantque
1259 2866 1331 2908 (sed
1344 2877 1424 2907 -que
1441 2867 1538 2907 eras.)
1557 2866 1605 2906 M,
1624 2867 1661 2908 cs.
1678 2866 1743 2905 936

984 2923 1037 2976 58
