<?xml version="1.0" encoding="UTF-8"?>
<!DOCTYPE html PUBLIC "-//W3C//DTD XHTML 1.0 Transitional//EN"
    "http://www.w3.org/TR/xhtml1/DTD/xhtml1-transitional.dtd">
<html xmlns="http://www.w3.org/1999/xhtml" xml:lang="en" lang="en">
 <head>
  <title>
</title>
<meta http-equiv="Content-Type" content="text/html;charset=utf-8" />
  <meta name='ocr-system' content='tesseract 3.04.00' />
  <meta name='ocr-capabilities' content='ocr_page ocr_carea ocr_par ocr_line ocrx_word'/>
</head>
<body>
  <div class='ocr_page' id='page_1' title='image "astronomiconlibe00maniuoft_0269.png"; bbox 0 0 1934 3220; ppageno 0'>
   <div class='ocr_carea' id='block_1_1' title="bbox 203 314 1684 2419">
    <p class='ocr_par' dir='ltr' id='par_1_1' title="bbox 203 314 1684 2419">
     <span class='ocr_line' id='line_1_1' title="bbox 203 314 1666 361; baseline -0.002 -8"><span class='ocrx_word' id='word_1_1' title='bbox 203 329 362 352; x_wconf 85' lang='lat' dir='ltr'><em>seruans</em></span> <span class='ocrx_word' id='word_1_2' title='bbox 377 318 542 353; x_wconf 81' lang='lat' dir='ltr'><em>ordinem</em></span> <span class='ocrx_word' id='word_1_3' title='bbox 563 318 795 352; x_wconf 78' lang='lat' dir='ltr'><em>tralaticium</em></span> <span class='ocrx_word' id='word_1_4' title='bbox 940 314 1102 360; x_wconf 83' lang='lat' dir='ltr'>proprie]</span> <span class='ocrx_word' id='word_1_5' title='bbox 1122 315 1213 350; x_wconf 91' lang='lat' dir='ltr'><em>serie</em></span> <span class='ocrx_word' id='word_1_6' title='bbox 1231 316 1384 360; x_wconf 77' lang='lat' dir='ltr'><em>Bentley</em></span> <span class='ocrx_word' id='word_1_7' title='bbox 1401 329 1408 350; x_wconf 75' lang='grc' dir='ltr'><strong><em>ι</em></strong></span> <span class='ocrx_word' id='word_1_8' title='bbox 1437 316 1539 360; x_wconf 86' lang='lat' dir='ltr'><em>uirga</em></span> <span class='ocrx_word' id='word_1_9' title='bbox 1549 316 1666 361; x_wconf 78' lang='lat' dir='ltr'><em>Jacob</em></span> 
     </span>
     <span class='ocr_line' id='line_1_2' title="bbox 204 362 1667 410; baseline -0.002 -11"><span class='ocrx_word' id='word_1_10' title='bbox 204 365 275 407; x_wconf 87' lang='lat'><em>684</em></span> <span class='ocrx_word' id='word_1_11' title='bbox 288 365 387 410; x_wconf 87' lang='lat' dir='ltr'><em>sort.</em></span> <span class='ocrx_word' id='word_1_12' title='bbox 404 364 524 400; x_wconf 85' lang='lat' dir='ltr'><em>diuiso</em></span> <span class='ocrx_word' id='word_1_13' title='bbox 542 391 550 400; x_wconf 91' lang='lat'><strong>.</strong></span> <span class='ocrx_word' id='word_1_14' title='bbox 570 391 577 399; x_wconf 93' lang='lat'>.</span> <span class='ocrx_word' id='word_1_15' title='bbox 597 391 605 398; x_wconf 93' lang='lat'><em>.</em></span> <span class='ocrx_word' id='word_1_16' title='bbox 623 364 701 398; x_wconf 90' lang='lat' dir='ltr'><em>orbi</em></span> <span class='ocrx_word' id='word_1_17' title='bbox 845 363 914 405; x_wconf 89' lang='lat'><em>676</em></span> <span class='ocrx_word' id='word_1_18' title='bbox 938 363 1087 397; x_wconf 86' lang='lat' dir='ltr'>foedera</span> <span class='ocrx_word' id='word_1_19' title='bbox 1104 363 1282 407; x_wconf 80' lang='lat' dir='ltr'><em>Bentley:</em></span> <span class='ocrx_word' id='word_1_20' title='bbox 1309 362 1473 406; x_wconf 88' lang='lat' dir='ltr'><em>pondera</em></span> <span class='ocrx_word' id='word_1_21' title='bbox 1492 364 1667 408; x_wconf 78' lang='lat' dir='ltr'><em>Postgate</em></span> 
     </span>
     <span class='ocr_line' id='line_1_3' title="bbox 205 407 1664 457; baseline -0.003 -11"><span class='ocrx_word' id='word_1_22' title='bbox 205 412 270 446; x_wconf 88' lang='lat'><em>681</em></span> <span class='ocrx_word' id='word_1_23' title='bbox 297 414 387 457; x_wconf 71' lang='lat' dir='ltr'><em>post</em></span> <span class='ocrx_word' id='word_1_24' title='bbox 415 411 582 457; x_wconf 86' lang='lat' dir='ltr'><em>proxima</em></span> <span class='ocrx_word' id='word_1_25' title='bbox 608 411 846 455; x_wconf 61' lang='lat' dir='ltr'><em>intapunxit</em></span> <span class='ocrx_word' id='word_1_26' title='bbox 869 410 1051 454; x_wconf 81' lang='lat' dir='ltr'><em>grauiter</em></span> <span class='ocrx_word' id='word_1_27' title='bbox 1078 407 1267 454; x_wconf 72' lang='lat' dir='ltr'><em>Scaliger¹</em></span> <span class='ocrx_word' id='word_1_28' title='bbox 1298 408 1402 453; x_wconf 70' lang='lat' dir='ltr'><em>(post</em></span> <span class='ocrx_word' id='word_1_29' title='bbox 1430 409 1664 443; x_wconf 88' lang='lat' dir='ltr'><em>subscribunt</em></span> 
     </span>
     <span class='ocr_line' id='line_1_4' title="bbox 205 455 1666 504; baseline -0.003 -12"><span class='ocrx_word' id='word_1_30' title='bbox 205 459 342 492; x_wconf 86' lang='lat' dir='ltr'><em>leuiter</em></span> <span class='ocrx_word' id='word_1_31' title='bbox 366 456 594 504; x_wconf 75' lang='lat' dir='ltr'><em>Scaliger²):</em></span> <span class='ocrx_word' id='word_1_32' title='bbox 617 461 762 502; x_wconf 76' lang='lat' dir='ltr'><em>puncta</em></span> <span class='ocrx_word' id='word_1_33' title='bbox 788 457 938 490; x_wconf 66' lang='lat' dir='ltr'><em>ommino</em></span> <span class='ocrx_word' id='word_1_34' title='bbox 962 455 1104 489; x_wconf 87' lang='lat' dir='ltr'><em>tollunt</em></span> <span class='ocrx_word' id='word_1_35' title='bbox 1120 455 1237 500; x_wconf 79' lang='lat' dir='ltr'><em>jacob</em></span> <span class='ocrx_word' id='word_1_36' title='bbox 1257 456 1416 496; x_wconf 85' lang='lat' dir='ltr'><em>Breiter,</em></span> <span class='ocrx_word' id='word_1_37' title='bbox 1441 456 1485 489; x_wconf 86' lang='lat' dir='ltr'><em>de</em></span> <span class='ocrx_word' id='word_1_38' title='bbox 1507 466 1666 499; x_wconf 84' lang='lat' dir='ltr'><em>quorum</em></span> 
     </span>
     <span class='ocr_line' id='line_1_5' title="bbox 207 501 1668 549; baseline -0.002 -11"><span class='ocrx_word' id='word_1_39' title='bbox 207 505 353 539; x_wconf 85' lang='lat' dir='ltr'><em>ratione</em></span> <span class='ocrx_word' id='word_1_40' title='bbox 371 506 456 539; x_wconf 85' lang='lat' dir='ltr'><em>uide</em></span> <span class='ocrx_word' id='word_1_41' title='bbox 464 504 581 549; x_wconf 79' lang='lat' dir='ltr'><em>jacob</em></span> <span class='ocrx_word' id='word_1_42' title='bbox 598 504 652 539; x_wconf 87' lang='lat' dir='ltr'><em>ad</em></span> <span class='ocrx_word' id='word_1_43' title='bbox 664 504 728 539; x_wconf 89' lang='lat' dir='ltr'><em>loc.</em></span> <span class='ocrx_word' id='word_1_44' title='bbox 836 503 904 545; x_wconf 92' lang='lat'><em>687</em></span> <span class='ocrx_word' id='word_1_45' title='bbox 923 504 1012 547; x_wconf 76' lang='lat' dir='ltr'><em>post</em></span> <span class='ocrx_word' id='word_1_46' title='bbox 1031 502 1102 545; x_wconf 89' lang='lat'><em>690</em></span> <span class='ocrx_word' id='word_1_47' title='bbox 1124 502 1221 545; x_wconf 89' lang='lat' dir='ltr'><em>(cum</em></span> <span class='ocrx_word' id='word_1_48' title='bbox 1246 502 1420 536; x_wconf 88' lang='lat' dir='ltr'><em>Vossiano</em></span> <span class='ocrx_word' id='word_1_49' title='bbox 1436 501 1579 547; x_wconf 74' lang='lat' dir='ltr'><em>primo)</em></span> <span class='ocrx_word' id='word_1_50' title='bbox 1597 503 1668 536; x_wconf 91' lang='lat' dir='ltr'><em>col-</em></span> 
     </span>
     <span class='ocr_line' id='line_1_6' title="bbox 207 547 1668 597; baseline -0.002 -12"><span class='ocrx_word' id='word_1_51' title='bbox 207 551 303 587; x_wconf 89' lang='lat' dir='ltr'><em>locat</em></span> <span class='ocrx_word' id='word_1_52' title='bbox 319 552 515 597; x_wconf 78' lang='lat' dir='ltr'><em>Scaliger:</em></span> <span class='ocrx_word' id='word_1_53' title='bbox 534 555 624 597; x_wconf 77' lang='lat' dir='ltr'><em>post</em></span> <span class='ocrx_word' id='word_1_54' title='bbox 637 551 704 585; x_wconf 90' lang='lat'><em>688</em></span> <span class='ocrx_word' id='word_1_55' title='bbox 722 550 896 584; x_wconf 84' lang='lat' dir='ltr'><em>lacunam</em></span> <span class='ocrx_word' id='word_1_56' title='bbox 913 550 1049 583; x_wconf 83' lang='lat' dir='ltr'><em>statuit</em></span> <span class='ocrx_word' id='word_1_57' title='bbox 1056 548 1175 593; x_wconf 82' lang='lat' dir='ltr'><em>Jacob</em></span> <span class='ocrx_word' id='word_1_58' title='bbox 1363 548 1431 592; x_wconf 91' lang='lat'><em>692</em></span> <span class='ocrx_word' id='word_1_59' title='bbox 1458 547 1668 583; x_wconf 86' lang='lat' dir='ltr'><em>discernere</em></span> 
     </span>
     <span class='ocr_line' id='line_1_7' title="bbox 207 594 1669 644; baseline -0.001 -12"><span class='ocrx_word' id='word_1_60' title='bbox 207 599 356 644; x_wconf 81' lang='lat' dir='ltr'><em>Pingre&#39;</em></span> <span class='ocrx_word' id='word_1_61' title='bbox 468 598 536 642; x_wconf 89' lang='lat'><em>693</em></span> <span class='ocrx_word' id='word_1_62' title='bbox 563 597 711 642; x_wconf 82' lang='lat' dir='ltr'><em>percipe</em></span> <span class='ocrx_word' id='word_1_63' title='bbox 728 597 772 631; x_wconf 89' lang='lat' dir='ltr'><em>L.</em></span> <span class='ocrx_word' id='word_1_64' title='bbox 787 596 954 630; x_wconf 78' lang='lat' dir='ltr'><em>Mueller</em></span> <span class='ocrx_word' id='word_1_65' title='bbox 970 595 1030 641; x_wconf 90' lang='lat' dir='ltr'><em>(ut</em></span> <span class='ocrx_word' id='word_1_66' title='bbox 1047 594 1131 639; x_wconf 88' lang='lat'>738)</span> <span class='ocrx_word' id='word_1_67' title='bbox 1251 603 1390 639; x_wconf 89' lang='lat'><em>709—10</em></span> <span class='ocrx_word' id='word_1_68' title='bbox 1414 596 1496 630; x_wconf 86' lang='lat' dir='ltr'><em>secl.</em></span> <span class='ocrx_word' id='word_1_69' title='bbox 1512 595 1669 639; x_wconf 82' lang='lat' dir='ltr'><em>Bentley</em></span> 
     </span>
     <span class='ocr_line' id='line_1_8' title="bbox 209 642 1667 689; baseline -0.003 -9"><span class='ocrx_word' id='word_1_70' title='bbox 209 653 277 689; x_wconf 89' lang='lat'><em>709</em></span> <span class='ocrx_word' id='word_1_71' title='bbox 305 645 338 679; x_wconf 89' lang='lat' dir='ltr'><em>in</em></span> <span class='ocrx_word' id='word_1_72' title='bbox 359 644 462 689; x_wconf 91' lang='lat' dir='ltr'><em>peius</em></span> <span class='ocrx_word' id='word_1_73' title='bbox 479 645 623 679; x_wconf 85' lang='lat' dir='ltr'><em>deerrat</em></span> <span class='ocrx_word' id='word_1_74' title='bbox 644 644 842 678; x_wconf 82' lang='lat' dir='ltr'><em>Housman</em></span> <span class='ocrx_word' id='word_1_75' title='bbox 1010 651 1077 686; x_wconf 86' lang='lat'><em>713</em></span> <span class='ocrx_word' id='word_1_76' title='bbox 1104 653 1198 686; x_wconf 86' lang='lat' dir='ltr'><em>quae</em></span> <span class='ocrx_word' id='word_1_77' title='bbox 1218 642 1372 686; x_wconf 86' lang='lat' dir='ltr'><em>Bentley</em></span> <span class='ocrx_word' id='word_1_78' title='bbox 1537 651 1608 686; x_wconf 88' lang='lat'><em>730</em></span> <span class='ocrx_word' id='word_1_79' title='bbox 1632 648 1667 675; x_wconf 90' lang='lat' dir='ltr'><em>et</em></span> 
     </span>
     <span class='ocr_line' id='line_1_9' title="bbox 208 688 1669 736; baseline -0.003 -10"><span class='ocrx_word' id='word_1_80' title='bbox 208 702 302 736; x_wconf 89' lang='lat' dir='ltr'><em>quae</em></span> <span class='ocrx_word' id='word_1_81' title='bbox 315 691 449 726; x_wconf 89' lang='lat' dir='ltr'><em>dehinc</em></span> <span class='ocrx_word' id='word_1_82' title='bbox 461 691 595 726; x_wconf 89' lang='lat' dir='ltr'><em>fuerint</em></span> <span class='ocrx_word' id='word_1_83' title='bbox 607 691 800 735; x_wconf 73' lang='lat' dir='ltr'><em>Scaliger:</em></span> <span class='ocrx_word' id='word_1_84' title='bbox 827 700 993 735; x_wconf 86' lang='lat' dir='ltr'><em>quaeque</em></span> <span class='ocrx_word' id='word_1_85' title='bbox 1011 689 1098 723; x_wconf 87' lang='lat' dir='ltr'><em>hinc</em></span> <span class='ocrx_word' id='word_1_86' title='bbox 1117 689 1310 723; x_wconf 80' lang='lat' dir='ltr'><em>defuerant</em></span> <span class='ocrx_word' id='word_1_87' title='bbox 1322 688 1477 733; x_wconf 85' lang='lat' dir='ltr'><em>Bentley</em></span> <span class='ocrx_word' id='word_1_88' title='bbox 1493 699 1500 722; x_wconf 92' lang='lat'><em>:</em></span> <span class='ocrx_word' id='word_1_89' title='bbox 1527 698 1669 733; x_wconf 87' lang='lat' dir='ltr'><em>quaeue</em></span> 
     </span>
     <span class='ocr_line' id='line_1_10' title="bbox 209 735 1667 781; baseline -0.003 -9"><span class='ocrx_word' id='word_1_90' title='bbox 209 737 295 772; x_wconf 91' lang='lat' dir='ltr'><em>hinc</em></span> <span class='ocrx_word' id='word_1_91' title='bbox 314 738 493 773; x_wconf 84' lang='lat' dir='ltr'><em>defuerint</em></span> <span class='ocrx_word' id='word_1_92' title='bbox 510 739 641 772; x_wconf 80' lang='lat' dir='ltr'><em>Dixon</em></span> <span class='ocrx_word' id='word_1_93' title='bbox 789 745 853 779; x_wconf 84' lang='lat'><em>741</em></span> <span class='ocrx_word' id='word_1_94' title='bbox 883 747 1016 781; x_wconf 86' lang='lat' dir='ltr'><em>nempe</em></span> <span class='ocrx_word' id='word_1_95' title='bbox 1033 737 1234 770; x_wconf 80' lang='lat' dir='ltr'><em>Housman</em></span> <span class='ocrx_word' id='word_1_96' title='bbox 1379 735 1446 780; x_wconf 88' lang='grc'><em>756</em></span> <span class='ocrx_word' id='word_1_97' title='bbox 1473 746 1568 769; x_wconf 87' lang='lat' dir='ltr'><em>uers.</em></span> <span class='ocrx_word' id='word_1_98' title='bbox 1586 735 1667 769; x_wconf 86' lang='lat' dir='ltr'><em>secl.</em></span> 
     </span>
     <span class='ocr_line' id='line_1_11' title="bbox 209 781 1670 829; baseline -0.003 -10"><span class='ocrx_word' id='word_1_99' title='bbox 209 786 365 828; x_wconf 85' lang='lat' dir='ltr'><em>Bentley</em></span> <span class='ocrx_word' id='word_1_100' title='bbox 519 785 587 829; x_wconf 91' lang='grc'><em>758</em></span> <span class='ocrx_word' id='word_1_101' title='bbox 613 784 749 828; x_wconf 88' lang='lat' dir='ltr'><em>legenti</em></span> <span class='ocrx_word' id='word_1_102' title='bbox 768 784 812 817; x_wconf 80' lang='lat' dir='ltr'><em>F.</em></span> <span class='ocrx_word' id='word_1_103' title='bbox 824 784 994 828; x_wconf 86' lang='lat' dir='ltr'><em>Jum&#39;us:</em></span> <span class='ocrx_word' id='word_1_104' title='bbox 1022 782 1187 826; x_wconf 86' lang='lat' dir='ltr'><em>legendis</em></span> <span class='ocrx_word' id='word_1_105' title='bbox 1205 781 1309 816; x_wconf 88' lang='lat' dir='ltr'><em>Ellis</em></span> <span class='ocrx_word' id='word_1_106' title='bbox 1461 782 1527 825; x_wconf 84' lang='lat'><em>763</em></span> <span class='ocrx_word' id='word_1_107' title='bbox 1555 781 1670 816; x_wconf 88' lang='lat' dir='ltr'><em>uersis</em></span> 
     </span>
     <span class='ocr_line' id='line_1_12' title="bbox 210 828 1672 877; baseline -0.002 -12"><span class='ocrx_word' id='word_1_108' title='bbox 210 843 304 876; x_wconf 88' lang='lat' dir='ltr'><em>quae</em></span> <span class='ocrx_word' id='word_1_109' title='bbox 340 831 534 877; x_wconf 79' lang='lat' dir='ltr'><em>Scaliger:</em></span> <span class='ocrx_word' id='word_1_110' title='bbox 578 838 699 866; x_wconf 85' lang='lat' dir='ltr'><em>uertas</em></span> <span class='ocrx_word' id='word_1_111' title='bbox 733 841 826 875; x_wconf 88' lang='lat' dir='ltr'><em>quae</em></span> <span class='ocrx_word' id='word_1_112' title='bbox 862 830 962 863; x_wconf 85' lang='lat' dir='ltr'><em>Ellis</em></span> <span class='ocrx_word' id='word_1_113' title='bbox 978 839 986 863; x_wconf 90' lang='lat'>:</span> <span class='ocrx_word' id='word_1_114' title='bbox 1030 829 1089 863; x_wconf 90' lang='lat' dir='ltr'><em>uel</em></span> <span class='ocrx_word' id='word_1_115' title='bbox 1130 840 1197 863; x_wconf 86' lang='lat' dir='ltr'><em>sua</em></span> <span class='ocrx_word' id='word_1_116' title='bbox 1236 839 1483 874; x_wconf 83' lang='lat' dir='ltr'><em>praepropere</em></span> <span class='ocrx_word' id='word_1_117' title='bbox 1517 828 1672 872; x_wconf 84' lang='lat' dir='ltr'><em>Bentley</em></span> 
     </span>
     <span class='ocr_line' id='line_1_13' title="bbox 211 875 1671 923; baseline -0.003 -10"><span class='ocrx_word' id='word_1_118' title='bbox 211 879 279 920; x_wconf 91' lang='lat'><em>766</em></span> <span class='ocrx_word' id='word_1_119' title='bbox 303 878 505 923; x_wconf 85' lang='lat' dir='ltr'>obrutaque</span> <span class='ocrx_word' id='word_1_120' title='bbox 523 877 680 923; x_wconf 78' lang='lat' dir='ltr'><em>Bentley</em></span> <span class='ocrx_word' id='word_1_121' title='bbox 869 877 936 919; x_wconf 91' lang='lat'><em>768</em></span> <span class='ocrx_word' id='word_1_122' title='bbox 963 882 1079 910; x_wconf 87' lang='lat' dir='ltr'><em>artem</em></span> <span class='ocrx_word' id='word_1_123' title='bbox 1098 875 1274 910; x_wconf 79' lang='lat' dir='ltr'><em>lmmisclc</em></span> <span class='ocrx_word' id='word_1_124' title='bbox 1466 884 1534 918; x_wconf 87' lang='lat'><em>744</em></span> <span class='ocrx_word' id='word_1_125' title='bbox 1559 885 1671 909; x_wconf 89' lang='lat' dir='ltr'><em>manu</em></span> 
     </span>
     <span class='ocr_line' id='line_1_14' title="bbox 212 921 1671 970; baseline -0.001 -12"><span class='ocrx_word' id='word_1_126' title='bbox 212 925 391 970; x_wconf 40' lang='lat' dir='ltr'><em>Scalzssqer,</em></span> <span class='ocrx_word' id='word_1_127' title='bbox 403 925 499 970; x_wconf 84' lang='lat' dir='ltr'><em>sort.</em></span> <span class='ocrx_word' id='word_1_128' title='bbox 520 929 614 959; x_wconf 87' lang='lat' dir='ltr'><em>recte</em></span> <span class='ocrx_word' id='word_1_129' title='bbox 819 931 883 966; x_wconf 85' lang='lat'><em>775</em></span> <span class='ocrx_word' id='word_1_130' title='bbox 914 929 1035 957; x_wconf 85' lang='lat' dir='ltr'><em>uersat</em></span> <span class='ocrx_word' id='word_1_131' title='bbox 1053 923 1230 966; x_wconf 89' lang='lat' dir='ltr'><em>Bentley:</em></span> <span class='ocrx_word' id='word_1_132' title='bbox 1259 929 1385 966; x_wconf 87' lang='lat' dir='ltr'><em>urguet</em></span> <span class='ocrx_word' id='word_1_133' title='bbox 1398 922 1538 967; x_wconf 81' lang='lat' dir='ltr'><em>jacob:</em></span> <span class='ocrx_word' id='word_1_134' title='bbox 1566 921 1671 956; x_wconf 82' lang='lat' dir='ltr'><em>seruit</em></span> 
     </span>
     <span class='ocr_line' id='line_1_15' title="bbox 211 968 1670 1017; baseline -0.002 -12"><span class='ocrx_word' id='word_1_135' title='bbox 211 972 323 1014; x_wconf 82' lang='lat' dir='ltr'><em>Ellis,</em></span> <span class='ocrx_word' id='word_1_136' title='bbox 341 973 410 1016; x_wconf 82' lang='lat' dir='ltr'><em>qui</em></span> <span class='ocrx_word' id='word_1_137' title='bbox 428 972 564 1017; x_wconf 85' lang='lat'><em>775-83</em></span> <span class='ocrx_word' id='word_1_138' title='bbox 589 971 630 1005; x_wconf 81' lang='lat' dir='ltr'><em>in</em></span> <span class='ocrx_word' id='word_1_139' title='bbox 650 970 870 1015; x_wconf 75' lang='lat' dir='ltr'><em>parenthesi</em></span> <span class='ocrx_word' id='word_1_140' title='bbox 885 969 991 1012; x_wconf 87' lang='lat' dir='ltr'><em>locat,</em></span> <span class='ocrx_word' id='word_1_141' title='bbox 1006 970 1110 1014; x_wconf 75' lang='lat' dir='ltr'><em>prob.</em></span> <span class='ocrx_word' id='word_1_142' title='bbox 1129 968 1285 1003; x_wconf 79' lang='lat' dir='ltr'><em>Bechert</em></span> <span class='ocrx_word' id='word_1_143' title='bbox 1490 970 1559 1013; x_wconf 89' lang='lat'><em>780</em></span> <span class='ocrx_word' id='word_1_144' title='bbox 1572 969 1670 1015; x_wconf 81' lang='lat' dir='ltr'><em>sort.</em></span> 
     </span>
     <span class='ocr_line' id='line_1_16' title="bbox 210 1014 1672 1063; baseline -0.002 -11"><span class='ocrx_word' id='word_1_145' title='bbox 210 1017 307 1062; x_wconf 85' lang='lat' dir='ltr'><em>rigor</em></span> <span class='ocrx_word' id='word_1_146' title='bbox 324 1029 389 1063; x_wconf 89' lang='lat' dir='ltr'><em>per</em></span> <span class='ocrx_word' id='word_1_147' title='bbox 406 1018 547 1053; x_wconf 83' lang='lat' dir='ltr'><em>uiscera</em></span> <span class='ocrx_word' id='word_1_148' title='bbox 564 1024 683 1052; x_wconf 88' lang='lat' dir='ltr'><em>terrae</em></span> <span class='ocrx_word' id='word_1_149' title='bbox 861 1017 930 1059; x_wconf 86' lang='lat'><em>784</em></span> <span class='ocrx_word' id='word_1_150' title='bbox 956 1016 1104 1051; x_wconf 85' lang='lat' dir='ltr'>conanti</span> <span class='ocrx_word' id='word_1_151' title='bbox 1123 1015 1338 1050; x_wconf 80' lang='lat' dir='ltr'><em>Markland</em></span> <span class='ocrx_word' id='word_1_152' title='bbox 1505 1024 1571 1058; x_wconf 91' lang='lat'><em>797</em></span> <span class='ocrx_word' id='word_1_153' title='bbox 1598 1014 1672 1049; x_wconf 89' lang='lat' dir='ltr'><em>dis-</em></span> 
     </span>
     <span class='ocr_line' id='line_1_17' title="bbox 210 1062 1674 1110; baseline -0.003 -11"><span class='ocrx_word' id='word_1_154' title='bbox 210 1064 400 1109; x_wconf 90' lang='lat' dir='ltr'><em>cernitque</em></span> <span class='ocrx_word' id='word_1_155' title='bbox 418 1065 572 1110; x_wconf 86' lang='lat' dir='ltr'><em>Bentley</em></span> <span class='ocrx_word' id='word_1_156' title='bbox 589 1075 596 1098; x_wconf 92' lang='lat'><em>:</em></span> <span class='ocrx_word' id='word_1_157' title='bbox 623 1063 849 1108; x_wconf 88' lang='lat' dir='ltr'><em>reclinatque</em></span> <span class='ocrx_word' id='word_1_158' title='bbox 868 1063 1067 1097; x_wconf 83' lang='lat' dir='ltr'><em>Housman</em></span> <span class='ocrx_word' id='word_1_159' title='bbox 1247 1063 1315 1106; x_wconf 91' lang='lat'><em>803</em></span> <span class='ocrx_word' id='word_1_160' title='bbox 1341 1062 1501 1097; x_wconf 88' lang='lat' dir='ltr'><em>aeternis</em></span> <span class='ocrx_word' id='word_1_161' title='bbox 1519 1062 1674 1106; x_wconf 87' lang='lat' dir='ltr'><em>Bentley</em></span> 
     </span>
     <span class='ocr_line' id='line_1_18' title="bbox 211 1109 1673 1156; baseline -0.003 -10"><span class='ocrx_word' id='word_1_162' title='bbox 211 1112 279 1154; x_wconf 90' lang='lat'><em>817</em></span> <span class='ocrx_word' id='word_1_163' title='bbox 302 1111 431 1146; x_wconf 88' lang='lat' dir='ltr'><em>urbem</em></span> <span class='ocrx_word' id='word_1_164' title='bbox 448 1111 603 1156; x_wconf 83' lang='lat' dir='ltr'><em>Bentley</em></span> <span class='ocrx_word' id='word_1_165' title='bbox 723 1111 790 1145; x_wconf 91' lang='grc'><em>822</em></span> <span class='ocrx_word' id='word_1_166' title='bbox 818 1109 977 1155; x_wconf 85' lang='lat' dir='ltr'><em>speciest</em></span> <span class='ocrx_word' id='word_1_167' title='bbox 996 1110 1084 1144; x_wconf 82' lang='lat' dir='ltr'><em>olim</em></span> <span class='ocrx_word' id='word_1_168' title='bbox 1103 1110 1275 1144; x_wconf 84' lang='lat' dir='ltr'><em>Breiter:</em></span> <span class='ocrx_word' id='word_1_169' title='bbox 1304 1109 1465 1154; x_wconf 88' lang='lat' dir='ltr'><em>speciem</em></span> <span class='ocrx_word' id='word_1_170' title='bbox 1485 1135 1492 1144; x_wconf 87' lang='lat'><strong>.</strong></span> <span class='ocrx_word' id='word_1_171' title='bbox 1512 1135 1519 1143; x_wconf 89' lang='lat'><strong>.</strong></span> <span class='ocrx_word' id='word_1_172' title='bbox 1540 1135 1548 1142; x_wconf 91' lang='lat'><strong>.</strong></span> <span class='ocrx_word' id='word_1_173' title='bbox 1568 1119 1673 1144; x_wconf 87' lang='lat' dir='ltr'><em>usum</em></span> 
     </span>
     <span class='ocr_line' id='line_1_19' title="bbox 212 1155 1673 1203; baseline -0.002 -11"><span class='ocrx_word' id='word_1_174' title='bbox 212 1158 378 1203; x_wconf 89' lang='lat' dir='ltr'><em>Bentley,</em></span> <span class='ocrx_word' id='word_1_175' title='bbox 396 1159 476 1194; x_wconf 87' lang='lat' dir='ltr'><em>coll.</em></span> <span class='ocrx_word' id='word_1_176' title='bbox 496 1166 526 1203; x_wconf 84' lang='lat'><em>5.</em></span> <span class='ocrx_word' id='word_1_177' title='bbox 548 1166 659 1203; x_wconf 82' lang='lat'>152-3</span> <span class='ocrx_word' id='word_1_178' title='bbox 827 1158 941 1201; x_wconf 83' lang='lat'><em>824-5</em></span> <span class='ocrx_word' id='word_1_179' title='bbox 970 1157 1051 1191; x_wconf 86' lang='lat' dir='ltr'><em>secl.</em></span> <span class='ocrx_word' id='word_1_180' title='bbox 1071 1157 1227 1200; x_wconf 86' lang='lat' dir='ltr'><em>Bentley</em></span> <span class='ocrx_word' id='word_1_181' title='bbox 1393 1156 1461 1190; x_wconf 88' lang='lat'><em>826</em></span> <span class='ocrx_word' id='word_1_182' title='bbox 1487 1167 1605 1201; x_wconf 86' lang='lat' dir='ltr'><em>aeque</em></span> <span class='ocrx_word' id='word_1_183' title='bbox 1624 1155 1673 1188; x_wconf 88' lang='lat' dir='ltr'><em>illi</em></span> 
     </span>
     <span class='ocr_line' id='line_1_20' title="bbox 213 1202 1676 1250; baseline -0.003 -10"><span class='ocrx_word' id='word_1_184' title='bbox 213 1205 386 1250; x_wconf 73' lang='lat' dir='ltr'><em>Scaliger</em></span> <span class='ocrx_word' id='word_1_185' title='bbox 502 1206 570 1248; x_wconf 88' lang='lat'><em>827</em></span> <span class='ocrx_word' id='word_1_186' title='bbox 596 1215 691 1250; x_wconf 87' lang='lat' dir='ltr'><em>quae</em></span> <span class='ocrx_word' id='word_1_187' title='bbox 709 1210 809 1239; x_wconf 89' lang='lat' dir='ltr'><em>tenet</em></span> <span class='ocrx_word' id='word_1_188' title='bbox 827 1205 1026 1237; x_wconf 81' lang='lat' dir='ltr'><em>Housman</em></span> <span class='ocrx_word' id='word_1_189' title='bbox 1158 1203 1227 1246; x_wconf 91' lang='lat'><em>836</em></span> <span class='ocrx_word' id='word_1_190' title='bbox 1254 1202 1340 1237; x_wconf 87' lang='lat' dir='ltr'><em>uitai</em></span> <span class='ocrx_word' id='word_1_191' title='bbox 1359 1203 1537 1247; x_wconf 84' lang='lat' dir='ltr'><em>Bentley:</em></span> <span class='ocrx_word' id='word_1_192' title='bbox 1564 1202 1676 1236; x_wconf 85' lang='lat' dir='ltr'><em>uitale</em></span> 
     </span>
     <span class='ocr_line' id='line_1_21' title="bbox 212 1249 1674 1296; baseline -0.002 -10"><span class='ocrx_word' id='word_1_193' title='bbox 212 1252 445 1294; x_wconf 80' lang='lat' dir='ltr'><em>Lachmann,</em></span> <span class='ocrx_word' id='word_1_194' title='bbox 467 1252 580 1287; x_wconf 84' lang='lat' dir='ltr'><em>Lucr.</em></span> <span class='ocrx_word' id='word_1_195' title='bbox 599 1254 640 1296; x_wconf 76' lang='lat' dir='ltr'><em>p.</em></span> <span class='ocrx_word' id='word_1_196' title='bbox 663 1251 740 1294; x_wconf 86' lang='lat'>161,</span> <span class='ocrx_word' id='word_1_197' title='bbox 760 1251 973 1284; x_wconf 83' lang='lat' dir='ltr'><em>Bentleium</em></span> <span class='ocrx_word' id='word_1_198' title='bbox 997 1250 1248 1296; x_wconf 68' lang='lat' dir='ltr'><em>redarguens:</em></span> <span class='ocrx_word' id='word_1_199' title='bbox 1275 1249 1371 1284; x_wconf 89' lang='lat' dir='ltr'><em>uitae</em></span> <span class='ocrx_word' id='word_1_200' title='bbox 1390 1249 1448 1283; x_wconf 89' lang='lat' dir='ltr'><em>hic</em></span> <span class='ocrx_word' id='word_1_201' title='bbox 1467 1256 1521 1284; x_wconf 84' lang='lat' dir='ltr'><em>est</em></span> <span class='ocrx_word' id='word_1_202' title='bbox 1539 1249 1583 1283; x_wconf 89' lang='lat' dir='ltr'><em>K</em></span> <span class='ocrx_word' id='word_1_203' title='bbox 1581 1249 1674 1283; x_wconf 84' lang='lat' dir='ltr'><em>lein-</em></span> 
     </span>
     <span class='ocr_line' id='line_1_22' title="bbox 206 1295 1674 1344; baseline -0.002 -12"><span class='ocrx_word' id='word_1_204' title='bbox 206 1299 416 1344; x_wconf 72' lang='lat' dir='ltr'><em>g‘uentlzer:</em></span> <span class='ocrx_word' id='word_1_205' title='bbox 443 1310 593 1332; x_wconf 82' lang='lat' dir='ltr'><em>uersum</em></span> <span class='ocrx_word' id='word_1_206' title='bbox 610 1299 775 1332; x_wconf 74' lang='lat' dir='ltr'><em>hiantem</em></span> <span class='ocrx_word' id='word_1_207' title='bbox 796 1297 1080 1343; x_wconf 81' lang='lat' dir='ltr'><em>luentursacob</em></span> <span class='ocrx_word' id='word_1_208' title='bbox 1096 1296 1255 1332; x_wconf 75' lang='lat' dir='ltr'><em>Bechert</em></span> <span class='ocrx_word' id='word_1_209' title='bbox 1430 1298 1498 1340; x_wconf 85' lang='lat'><em>837</em></span> <span class='ocrx_word' id='word_1_210' title='bbox 1525 1295 1674 1340; x_wconf 82' lang='lat' dir='ltr'><em>dispicit</em></span> 
     </span>
     <span class='ocr_line' id='line_1_23' title="bbox 214 1343 1676 1389; baseline -0.003 -10"><span class='ocrx_word' id='word_1_211' title='bbox 214 1345 445 1389; x_wconf 72' lang='lat' dir='ltr'><em>Lachmann,</em></span> <span class='ocrx_word' id='word_1_212' title='bbox 463 1346 574 1380; x_wconf 84' lang='lat' dir='ltr'><em>Lucr.</em></span> <span class='ocrx_word' id='word_1_213' title='bbox 592 1347 632 1389; x_wconf 76' lang='lat' dir='ltr'><em>p.</em></span> <span class='ocrx_word' id='word_1_214' title='bbox 652 1345 721 1388; x_wconf 90' lang='grc'>236</span> <span class='ocrx_word' id='word_1_215' title='bbox 879 1345 949 1386; x_wconf 92' lang='grc'><em>840</em></span> <span class='ocrx_word' id='word_1_216' title='bbox 974 1344 1092 1379; x_wconf 86' lang='lat' dir='ltr'><em>coitus</em></span> <span class='ocrx_word' id='word_1_217' title='bbox 1110 1344 1406 1378; x_wconf 78' lang='lat' dir='ltr'><em>Bonincontrius</em></span> <span class='ocrx_word' id='word_1_218' title='bbox 1423 1344 1463 1376; x_wconf 88' lang='lat' dir='ltr'><em>in</em></span> <span class='ocrx_word' id='word_1_219' title='bbox 1486 1343 1676 1377; x_wconf 86' lang='lat' dir='ltr'><em>Commen-</em></span> 
     </span>
     <span class='ocr_line' id='line_1_24' title="bbox 214 1389 1675 1437; baseline -0.002 -11"><span class='ocrx_word' id='word_1_220' title='bbox 214 1394 328 1427; x_wconf 84' lang='lat' dir='ltr'><em>tariis</em></span> <span class='ocrx_word' id='word_1_221' title='bbox 481 1394 544 1437; x_wconf 84' lang='lat'><em>851</em></span> <span class='ocrx_word' id='word_1_222' title='bbox 574 1398 753 1437; x_wconf 88' lang='lat' dir='ltr'><em>perpetua</em></span> <span class='ocrx_word' id='word_1_223' title='bbox 772 1390 865 1426; x_wconf 85' lang='lat' dir='ltr'><em>serie</em></span> <span class='ocrx_word' id='word_1_224' title='bbox 886 1392 1038 1436; x_wconf 89' lang='lat' dir='ltr'><em>Bentley</em></span> <span class='ocrx_word' id='word_1_225' title='bbox 1194 1391 1260 1434; x_wconf 83' lang='lat'><em>852</em></span> <span class='ocrx_word' id='word_1_226' title='bbox 1289 1390 1494 1435; x_wconf 85' lang='lat' dir='ltr'><em>quadrante</em></span> <span class='ocrx_word' id='word_1_227' title='bbox 1513 1390 1581 1425; x_wconf 89' lang='lat' dir='ltr'><em>sub</em></span> <span class='ocrx_word' id='word_1_228' title='bbox 1601 1389 1675 1424; x_wconf 87' lang='lat' dir='ltr'><em>imo</em></span> 
     </span>
     <span class='ocr_line' id='line_1_25' title="bbox 214 1437 1676 1484; baseline -0.003 -10"><span class='ocrx_word' id='word_1_229' title='bbox 214 1439 370 1484; x_wconf 87' lang='lat' dir='ltr'><em>Bentley</em></span> <span class='ocrx_word' id='word_1_230' title='bbox 512 1439 581 1473; x_wconf 90' lang='grc'>860</span> <span class='ocrx_word' id='word_1_231' title='bbox 605 1437 752 1482; x_wconf 91' lang='lat' dir='ltr'><em>natura]</em></span> <span class='ocrx_word' id='word_1_232' title='bbox 771 1437 934 1483; x_wconf 88' lang='lat' dir='ltr'><em>positura</em></span> <span class='ocrx_word' id='word_1_233' title='bbox 942 1438 1062 1482; x_wconf 83' lang='lat' dir='ltr'><em>Jacob</em></span> <span class='ocrx_word' id='word_1_234' title='bbox 1214 1437 1281 1480; x_wconf 87' lang='lat'><em>863</em></span> <span class='ocrx_word' id='word_1_235' title='bbox 1308 1448 1541 1482; x_wconf 87' lang='lat' dir='ltr'><em>poenamque</em></span> <span class='ocrx_word' id='word_1_236' title='bbox 1558 1437 1676 1471; x_wconf 83' lang='lat' dir='ltr'><em>serent</em></span> 
     </span>
     <span class='ocr_line' id='line_1_26' title="bbox 215 1483 1682 1531; baseline -0.003 -11"><span class='ocrx_word' id='word_1_237' title='bbox 215 1486 288 1520; x_wconf 89' lang='lat' dir='ltr'><em>iam</em></span> <span class='ocrx_word' id='word_1_238' title='bbox 315 1485 521 1531; x_wconf 75' lang='lat' dir='ltr'><em>Scaliger1:</em></span> <span class='ocrx_word' id='word_1_239' title='bbox 554 1496 784 1530; x_wconf 82' lang='lat' dir='ltr'><em>poenamque</em></span> <span class='ocrx_word' id='word_1_240' title='bbox 811 1495 938 1520; x_wconf 85' lang='lat' dir='ltr'><em>serens</em></span> <span class='ocrx_word' id='word_1_241' title='bbox 965 1484 1100 1529; x_wconf 87' lang='lat' dir='ltr'><em>(ferens</em></span> <span class='ocrx_word' id='word_1_242' title='bbox 1126 1484 1296 1528; x_wconf 74' lang='lat' dir='ltr'><em>Bechert)</em></span> <span class='ocrx_word' id='word_1_243' title='bbox 1324 1484 1361 1518; x_wconf 90' lang='lat' dir='ltr'><em>in</em></span> <span class='ocrx_word' id='word_1_244' title='bbox 1380 1484 1496 1528; x_wconf 84' lang='lat' dir='ltr'><em>sacob</em></span> <span class='ocrx_word' id='word_1_245' title='bbox 1522 1483 1682 1517; x_wconf 79' lang='lat' dir='ltr'><em>Bechert</em></span> 
     </span>
     <span class='ocr_line' id='line_1_27' title="bbox 214 1530 1679 1577; baseline -0.003 -10"><span class='ocrx_word' id='word_1_246' title='bbox 214 1533 283 1568; x_wconf 90' lang='lat'><em>868</em></span> <span class='ocrx_word' id='word_1_247' title='bbox 308 1544 355 1567; x_wconf 93' lang='lat' dir='ltr'><em>ne</em></span> <span class='ocrx_word' id='word_1_248' title='bbox 374 1538 535 1577; x_wconf 86' lang='lat' dir='ltr'><em>praestet</em></span> <span class='ocrx_word' id='word_1_249' title='bbox 552 1533 704 1577; x_wconf 84' lang='lat' dir='ltr'><em>Fayus:</em></span> <span class='ocrx_word' id='word_1_250' title='bbox 731 1531 810 1567; x_wconf 87' lang='lat' dir='ltr'><em>sine</em></span> <span class='ocrx_word' id='word_1_251' title='bbox 827 1531 1003 1576; x_wconf 84' lang='lat' dir='ltr'><em>praestite</em></span> <span class='ocrx_word' id='word_1_252' title='bbox 1013 1532 1129 1576; x_wconf 86' lang='lat' dir='ltr'><em>sacob</em></span> <span class='ocrx_word' id='word_1_253' title='bbox 1312 1542 1407 1566; x_wconf 86' lang='lat' dir='ltr'><em>uers.</em></span> <span class='ocrx_word' id='word_1_254' title='bbox 1424 1531 1504 1564; x_wconf 85' lang='lat' dir='ltr'><em>secl.</em></span> <span class='ocrx_word' id='word_1_255' title='bbox 1523 1530 1679 1573; x_wconf 81' lang='lat' dir='ltr'><em>Bentley</em></span> 
     </span>
     <span class='ocr_line' id='line_1_28' title="bbox 216 1577 1677 1625; baseline -0.003 -11"><span class='ocrx_word' id='word_1_256' title='bbox 216 1580 285 1623; x_wconf 88' lang='lat'><em>869</em></span> <span class='ocrx_word' id='word_1_257' title='bbox 310 1586 349 1613; x_wconf 89' lang='lat' dir='ltr'><em>ut</em></span> <span class='ocrx_word' id='word_1_258' title='bbox 367 1591 462 1624; x_wconf 88' lang='lat' dir='ltr'><em>quae</em></span> <span class='ocrx_word' id='word_1_259' title='bbox 480 1579 654 1625; x_wconf 81' lang='lat' dir='ltr'><em>Scaliger</em></span> <span class='ocrx_word' id='word_1_260' title='bbox 835 1578 902 1621; x_wconf 86' lang='grc'><em>872</em></span> <span class='ocrx_word' id='word_1_261' title='bbox 930 1589 1087 1623; x_wconf 88' lang='lat' dir='ltr'><em>superne</em></span> <span class='ocrx_word' id='word_1_262' title='bbox 1106 1578 1281 1622; x_wconf 74' lang='lat' dir='ltr'><em>Scaliger</em></span> <span class='ocrx_word' id='word_1_263' title='bbox 1462 1577 1528 1620; x_wconf 89' lang='lat'><em>877</em></span> <span class='ocrx_word' id='word_1_264' title='bbox 1556 1583 1677 1612; x_wconf 87' lang='lat' dir='ltr'><em>artum</em></span> 
     </span>
     <span class='ocr_line' id='line_1_29' title="bbox 219 1625 1678 1672; baseline -0.001 -12"><span class='ocrx_word' id='word_1_265' title='bbox 219 1626 417 1661; x_wconf 82' lang='lat' dir='ltr'><em>Cartault:</em></span> <span class='ocrx_word' id='word_1_266' title='bbox 431 1627 530 1672; x_wconf 87' lang='lat' dir='ltr'><em>fort.</em></span> <span class='ocrx_word' id='word_1_267' title='bbox 551 1626 675 1660; x_wconf 89' lang='lat' dir='ltr'><em>aluum</em></span> <span class='ocrx_word' id='word_1_268' title='bbox 807 1626 875 1660; x_wconf 87' lang='lat'><em>880</em></span> <span class='ocrx_word' id='word_1_269' title='bbox 900 1625 1118 1669; x_wconf 82' lang='lat' dir='ltr'><em>flagrantem</em></span> <span class='ocrx_word' id='word_1_270' title='bbox 1137 1626 1311 1669; x_wconf 67' lang='lat' dir='ltr'><em>Scaliger</em></span> <span class='ocrx_word' id='word_1_271' title='bbox 1434 1625 1498 1659; x_wconf 88' lang='lat'><em>881</em></span> <span class='ocrx_word' id='word_1_272' title='bbox 1530 1631 1566 1659; x_wconf 88' lang='lat' dir='ltr'><em>at</em></span> <span class='ocrx_word' id='word_1_273' title='bbox 1585 1634 1678 1669; x_wconf 88' lang='lat' dir='ltr'><em>quae</em></span> 
     </span>
     <span class='ocr_line' id='line_1_30' title="bbox 215 1670 1677 1718; baseline -0.003 -11"><span class='ocrx_word' id='word_1_274' title='bbox 215 1673 367 1716; x_wconf 79' lang='lat' dir='ltr'><em>fulgenti</em></span> <span class='ocrx_word' id='word_1_275' title='bbox 391 1699 400 1707; x_wconf 88' lang='lat'><strong>.</strong></span> <span class='ocrx_word' id='word_1_276' title='bbox 422 1699 429 1706; x_wconf 94' lang='lat'><strong><em>.</em></strong></span> <span class='ocrx_word' id='word_1_277' title='bbox 451 1698 460 1707; x_wconf 86' lang='lat'><strong>.</strong></span> <span class='ocrx_word' id='word_1_278' title='bbox 479 1673 581 1708; x_wconf 88' lang='lat' dir='ltr'><em>caelo</em></span> <span class='ocrx_word' id='word_1_279' title='bbox 599 1673 773 1718; x_wconf 77' lang='lat' dir='ltr'><em>Scaliger</em></span> <span class='ocrx_word' id='word_1_280' title='bbox 915 1673 981 1707; x_wconf 87' lang='lat'><em>882</em></span> <span class='ocrx_word' id='word_1_281' title='bbox 1009 1672 1067 1707; x_wconf 91' lang='lat' dir='ltr'><em>cui</em></span> <span class='ocrx_word' id='word_1_282' title='bbox 1086 1672 1236 1716; x_wconf 88' lang='lat' dir='ltr'><em>fingitur</em></span> <span class='ocrx_word' id='word_1_283' title='bbox 1254 1671 1356 1706; x_wconf 89' lang='lat' dir='ltr'><em>Ellis</em></span> <span class='ocrx_word' id='word_1_284' title='bbox 1499 1672 1566 1707; x_wconf 88' lang='lat'><em>888</em></span> <span class='ocrx_word' id='word_1_285' title='bbox 1592 1670 1677 1715; x_wconf 89' lang='lat' dir='ltr'><em>quoi</em></span> 
     </span>
     <span class='ocr_line' id='line_1_31' title="bbox 216 1717 1678 1765; baseline -0.002 -12"><span class='ocrx_word' id='word_1_286' title='bbox 216 1719 288 1765; x_wconf 88' lang='lat' dir='ltr'><em>(cui</em></span> <span class='ocrx_word' id='word_1_287' title='bbox 306 1721 384 1754; x_wconf 84' lang='lat' dir='ltr'><em>iam</em></span> <span class='ocrx_word' id='word_1_288' title='bbox 401 1718 622 1764; x_wconf 84' lang='lat' dir='ltr'><em>Dulcinius)</em></span> <span class='ocrx_word' id='word_1_289' title='bbox 640 1720 815 1765; x_wconf 75' lang='lat' dir='ltr'><em>Scaliger</em></span> <span class='ocrx_word' id='word_1_290' title='bbox 932 1719 998 1763; x_wconf 91' lang='lat'><em>891</em></span> <span class='ocrx_word' id='word_1_291' title='bbox 1029 1725 1284 1753; x_wconf 87' lang='lat' dir='ltr'><em>transuersum</em></span> <span class='ocrx_word' id='word_1_292' title='bbox 1303 1719 1480 1764; x_wconf 85' lang='lat' dir='ltr'><em>Postgate</em></span> <span class='ocrx_word' id='word_1_293' title='bbox 1611 1717 1678 1760; x_wconf 90' lang='lat'><em>892</em></span> 
     </span>
     <span class='ocr_line' id='line_1_32' title="bbox 215 1763 1678 1810; baseline -0.003 -9"><span class='ocrx_word' id='word_1_294' title='bbox 215 1766 437 1810; x_wconf 79' lang='lat' dir='ltr'><em>contingens</em></span> <span class='ocrx_word' id='word_1_295' title='bbox 455 1766 617 1801; x_wconf 90' lang='lat' dir='ltr'><em>culmina</em></span> <span class='ocrx_word' id='word_1_296' title='bbox 629 1767 785 1810; x_wconf 80' lang='lat' dir='ltr'><em>Bentley</em></span> <span class='ocrx_word' id='word_1_297' title='bbox 918 1766 986 1810; x_wconf 89' lang='lat'><em>899</em></span> <span class='ocrx_word' id='word_1_298' title='bbox 1011 1776 1232 1810; x_wconf 85' lang='lat' dir='ltr'><em>momenque</em></span> <span class='ocrx_word' id='word_1_299' title='bbox 1252 1765 1353 1799; x_wconf 83' lang='lat' dir='ltr'><em>Ellis</em></span> <span class='ocrx_word' id='word_1_300' title='bbox 1471 1773 1537 1809; x_wconf 87' lang='lat'><em>905</em></span> <span class='ocrx_word' id='word_1_301' title='bbox 1566 1763 1678 1799; x_wconf 89' lang='lat' dir='ltr'><em>medii</em></span> 
     </span>
     <span class='ocr_line' id='line_1_33' title="bbox 216 1810 1680 1859; baseline -0.003 -11"><span class='ocrx_word' id='word_1_302' title='bbox 216 1841 224 1849; x_wconf 93' lang='lat'><strong><em>.</em></strong></span> <span class='ocrx_word' id='word_1_303' title='bbox 253 1840 261 1847; x_wconf 92' lang='lat'><strong>.</strong></span> <span class='ocrx_word' id='word_1_304' title='bbox 289 1839 296 1847; x_wconf 91' lang='lat'>.</span> <span class='ocrx_word' id='word_1_305' title='bbox 321 1813 381 1848; x_wconf 91' lang='lat' dir='ltr'><em>die</em></span> <span class='ocrx_word' id='word_1_306' title='bbox 399 1814 592 1859; x_wconf 80' lang='lat' dir='ltr'><em>Scaliger:</em></span> <span class='ocrx_word' id='word_1_307' title='bbox 625 1819 748 1848; x_wconf 88' lang='lat' dir='ltr'><em>castra</em></span> <span class='ocrx_word' id='word_1_308' title='bbox 766 1813 957 1857; x_wconf 73' lang='lat' dir='ltr'><em>Scaliger:</em></span> <span class='ocrx_word' id='word_1_309' title='bbox 991 1813 1118 1848; x_wconf 88' lang='lat' dir='ltr'><em>dextra</em></span> <span class='ocrx_word' id='word_1_310' title='bbox 1139 1813 1264 1847; x_wconf 86' lang='lat' dir='ltr'><em>Ellis:</em></span> <span class='ocrx_word' id='word_1_311' title='bbox 1299 1811 1461 1847; x_wconf 87' lang='lat' dir='ltr'><em>medium</em></span> <span class='ocrx_word' id='word_1_312' title='bbox 1485 1817 1569 1856; x_wconf 88' lang='lat' dir='ltr'><em>post</em></span> <span class='ocrx_word' id='word_1_313' title='bbox 1592 1810 1680 1844; x_wconf 92' lang='lat' dir='ltr'><em>arti-</em></span> 
     </span>
     <span class='ocr_line' id='line_1_34' title="bbox 215 1858 1679 1905; baseline -0.003 -10"><span class='ocrx_word' id='word_1_314' title='bbox 215 1860 339 1895; x_wconf 90' lang='lat' dir='ltr'><em>culum</em></span> <span class='ocrx_word' id='word_1_315' title='bbox 356 1860 513 1905; x_wconf 88' lang='lat' dir='ltr'><em>Bentley</em></span> <span class='ocrx_word' id='word_1_316' title='bbox 738 1868 804 1904; x_wconf 90' lang='lat'><em>907</em></span> <span class='ocrx_word' id='word_1_317' title='bbox 832 1858 997 1903; x_wconf 85' lang='lat' dir='ltr'><em>aethera]</em></span> <span class='ocrx_word' id='word_1_318' title='bbox 1017 1859 1110 1894; x_wconf 86' lang='lat' dir='ltr'><em>atria</em></span> <span class='ocrx_word' id='word_1_319' title='bbox 1130 1859 1321 1904; x_wconf 74' lang='lat' dir='ltr'><em>Scaliger:</em></span> <span class='ocrx_word' id='word_1_320' title='bbox 1349 1858 1484 1902; x_wconf 86' lang='lat' dir='ltr'><em>degere</em></span> <span class='ocrx_word' id='word_1_321' title='bbox 1501 1858 1656 1902; x_wconf 89' lang='lat' dir='ltr'><em>Bentley</em></span> <span class='ocrx_word' id='word_1_322' title='bbox 1672 1869 1679 1891; x_wconf 73' lang='grc' dir='ltr'>ε</span> 
     </span>
     <span class='ocr_line' id='line_1_35' title="bbox 215 1905 1681 1951; baseline -0.003 -9"><span class='ocrx_word' id='word_1_323' title='bbox 215 1907 343 1942; x_wconf 88' lang='lat' dir='ltr'><em>sedem</em></span> <span class='ocrx_word' id='word_1_324' title='bbox 364 1907 563 1942; x_wconf 84' lang='lat' dir='ltr'><em>Housman</em></span> <span class='ocrx_word' id='word_1_325' title='bbox 715 1908 783 1951; x_wconf 87' lang='grc'><em>908</em></span> <span class='ocrx_word' id='word_1_326' title='bbox 811 1906 1013 1951; x_wconf 88' lang='lat' dir='ltr'><em>decerpunt</em></span> <span class='ocrx_word' id='word_1_327' title='bbox 1031 1906 1221 1941; x_wconf 85' lang='lat' dir='ltr'><em>Huetius:</em></span> <span class='ocrx_word' id='word_1_328' title='bbox 1248 1905 1436 1940; x_wconf 88' lang='lat' dir='ltr'><em>declinant</em></span> <span class='ocrx_word' id='word_1_329' title='bbox 1447 1905 1590 1950; x_wconf 77' lang='lat' dir='ltr'><em>jacob:</em></span> <span class='ocrx_word' id='word_1_330' title='bbox 1617 1905 1681 1938; x_wconf 89' lang='lat' dir='ltr'><em>de-</em></span> 
     </span>
     <span class='ocr_line' id='line_1_36' title="bbox 216 1952 1682 1998; baseline -0.002 -10"><span class='ocrx_word' id='word_1_331' title='bbox 216 1960 373 1989; x_wconf 88' lang='lat' dir='ltr'><em>cernunt</em></span> <span class='ocrx_word' id='word_1_332' title='bbox 391 1953 505 1988; x_wconf 85' lang='lat' dir='ltr'><em>uitam</em></span> <span class='ocrx_word' id='word_1_333' title='bbox 524 1954 696 1998; x_wconf 76' lang='lat' dir='ltr'><em>Scaliger</em></span> <span class='ocrx_word' id='word_1_334' title='bbox 860 1962 928 1997; x_wconf 91' lang='lat'><em>912</em></span> <span class='ocrx_word' id='word_1_335' title='bbox 953 1959 1154 1998; x_wconf 82' lang='lat' dir='ltr'><em>noctesque</em></span> <span class='ocrx_word' id='word_1_336' title='bbox 1173 1953 1325 1987; x_wconf 82' lang='lat' dir='ltr'><em>Brez&#39;ter</em></span> <span class='ocrx_word' id='word_1_337' title='bbox 1486 1961 1556 1996; x_wconf 87' lang='lat'><em>923</em></span> <span class='ocrx_word' id='word_1_338' title='bbox 1583 1952 1682 1986; x_wconf 87' lang='lat' dir='ltr'><em>uelut</em></span> 
     </span>
     <span class='ocr_line' id='line_1_37' title="bbox 218 1998 1681 2046; baseline -0.001 -11"><span class='ocrx_word' id='word_1_339' title='bbox 218 2001 254 2035; x_wconf 87' lang='lat' dir='ltr'><em>in</em></span> <span class='ocrx_word' id='word_1_340' title='bbox 271 2001 366 2035; x_wconf 82' lang='lat' dir='ltr'><em>facie</em></span> <span class='ocrx_word' id='word_1_341' title='bbox 385 2000 499 2046; x_wconf 93' lang='lat' dir='ltr'><em>(uelut</em></span> <span class='ocrx_word' id='word_1_342' title='bbox 519 2001 554 2036; x_wconf 91' lang='lat' dir='ltr'><em>in</em></span> <span class='ocrx_word' id='word_1_343' title='bbox 574 2002 649 2034; x_wconf 86' lang='lat' dir='ltr'><em>iam</em></span> <span class='ocrx_word' id='word_1_344' title='bbox 668 1998 851 2043; x_wconf 80' lang='lat' dir='ltr'><em>Huetius)</em></span> <span class='ocrx_word' id='word_1_345' title='bbox 871 2001 1025 2044; x_wconf 61' lang='lat' dir='ltr'><em>Bentler</em></span> <span class='ocrx_word' id='word_1_346' title='bbox 1133 2008 1201 2043; x_wconf 90' lang='lat'><em>927</em></span> <span class='ocrx_word' id='word_1_347' title='bbox 1227 1999 1327 2045; x_wconf 91' lang='lat' dir='ltr'><em>quod</em></span> <span class='ocrx_word' id='word_1_348' title='bbox 1345 1999 1520 2044; x_wconf 78' lang='lat' dir='ltr'><em>Scaliger</em></span> <span class='ocrx_word' id='word_1_349' title='bbox 1612 2008 1681 2042; x_wconf 85' lang='lat'><em>934</em></span> 
     </span>
     <span class='ocr_line' id='line_1_38' title="bbox 204 2045 1681 2094; baseline -0.002 -12"><span class='ocrx_word' id='word_1_350' title='bbox 204 2048 301 2094; x_wconf 88' lang='lat' dir='ltr'><em>sort.</em></span> <span class='ocrx_word' id='word_1_351' title='bbox 319 2058 452 2083; x_wconf 89' lang='lat' dir='ltr'><em>census</em></span> <span class='ocrx_word' id='word_1_352' title='bbox 596 2055 662 2091; x_wconf 87' lang='grc'><em>935</em></span> <span class='ocrx_word' id='word_1_353' title='bbox 678 2047 775 2093; x_wconf 83' lang='lat' dir='ltr'><em>fort.</em></span> <span class='ocrx_word' id='word_1_354' title='bbox 794 2047 909 2081; x_wconf 87' lang='lat' dir='ltr'><em>tutela</em></span> <span class='ocrx_word' id='word_1_355' title='bbox 925 2053 979 2082; x_wconf 87' lang='lat' dir='ltr'><em>est</em></span> <span class='ocrx_word' id='word_1_356' title='bbox 998 2058 1072 2081; x_wconf 89' lang='lat' dir='ltr'><em>una</em></span> <span class='ocrx_word' id='word_1_357' title='bbox 1168 2046 1288 2091; x_wconf 83' lang='lat' dir='ltr'><em>prima</em></span> <span class='ocrx_word' id='word_1_358' title='bbox 1315 2072 1324 2081; x_wconf 90' lang='lat'><strong>.</strong></span> <span class='ocrx_word' id='word_1_359' title='bbox 1348 2071 1356 2081; x_wconf 94' lang='lat'>.</span> <span class='ocrx_word' id='word_1_360' title='bbox 1381 2073 1388 2081; x_wconf 94' lang='lat'><strong>.</strong></span> <span class='ocrx_word' id='word_1_361' title='bbox 1416 2053 1562 2090; x_wconf 86' lang='lat' dir='ltr'><em>ternpus</em></span> <span class='ocrx_word' id='word_1_362' title='bbox 1582 2045 1681 2090; x_wconf 89' lang='lat'><em>(937)</em></span> 
     </span>
     <span class='ocr_line' id='line_1_39' title="bbox 215 2092 1683 2139; baseline -0.001 -11"><span class='ocrx_word' id='word_1_363' title='bbox 215 2095 296 2128; x_wconf 85' lang='lat' dir='ltr'><em>secl.</em></span> <span class='ocrx_word' id='word_1_364' title='bbox 307 2094 424 2139; x_wconf 85' lang='lat' dir='ltr'><em>Jacob</em></span> <span class='ocrx_word' id='word_1_365' title='bbox 575 2094 645 2138; x_wconf 88' lang='lat'><em>936</em></span> <span class='ocrx_word' id='word_1_366' title='bbox 671 2100 775 2138; x_wconf 90' lang='lat' dir='ltr'><em>parte</em></span> <span class='ocrx_word' id='word_1_367' title='bbox 793 2100 849 2128; x_wconf 88' lang='lat' dir='ltr'><em>est</em></span> <span class='ocrx_word' id='word_1_368' title='bbox 866 2094 1042 2139; x_wconf 73' lang='lat' dir='ltr'><em>Scaliger</em></span> <span class='ocrx_word' id='word_1_369' title='bbox 1197 2101 1265 2137; x_wconf 87' lang='lat'><em>937</em></span> <span class='ocrx_word' id='word_1_370' title='bbox 1292 2104 1400 2138; x_wconf 83' lang='lat' dir='ltr'><em>asper</em></span> <span class='ocrx_word' id='word_1_371' title='bbox 1417 2098 1453 2127; x_wconf 92' lang='lat' dir='ltr'><em>et</em></span> <span class='ocrx_word' id='word_1_372' title='bbox 1470 2092 1683 2137; x_wconf 89' lang='lat' dir='ltr'><em>adtemptus</em></span> 
     </span>
     <span class='ocr_line' id='line_1_40' title="bbox 218 2139 1682 2187; baseline -0.001 -12"><span class='ocrx_word' id='word_1_373' title='bbox 218 2142 392 2187; x_wconf 82' lang='lat' dir='ltr'><em>Scaliger</em></span> <span class='ocrx_word' id='word_1_374' title='bbox 624 2142 692 2183; x_wconf 89' lang='lat'><em>938</em></span> <span class='ocrx_word' id='word_1_375' title='bbox 720 2140 840 2184; x_wconf 85' lang='lat' dir='ltr'><em>signat</em></span> <span class='ocrx_word' id='word_1_376' title='bbox 866 2140 999 2185; x_wconf 88' lang='lat' dir='ltr'><em>dignas</em></span> <span class='ocrx_word' id='word_1_377' title='bbox 1025 2141 1250 2174; x_wconf 83' lang='lat' dir='ltr'><em>Housman:</em></span> <span class='ocrx_word' id='word_1_378' title='bbox 1274 2141 1374 2185; x_wconf 87' lang='lat' dir='ltr'><em>fort.</em></span> <span class='ocrx_word' id='word_1_379' title='bbox 1401 2139 1522 2183; x_wconf 84' lang='lat' dir='ltr'><em>signat</em></span> <span class='ocrx_word' id='word_1_380' title='bbox 1550 2149 1682 2174; x_wconf 85' lang='lat' dir='ltr'><em>saeuas</em></span> 
     </span>
     <span class='ocr_line' id='line_1_41' title="bbox 216 2185 1682 2232; baseline -0.001 -10"><span class='ocrx_word' id='word_1_381' title='bbox 216 2197 331 2232; x_wconf 85' lang='lat'><em>944—5</em></span> <span class='ocrx_word' id='word_1_382' title='bbox 359 2188 439 2223; x_wconf 86' lang='lat' dir='ltr'><em>secl.</em></span> <span class='ocrx_word' id='word_1_383' title='bbox 462 2187 638 2232; x_wconf 88' lang='lat' dir='ltr'><em>Bentley:</em></span> <span class='ocrx_word' id='word_1_384' title='bbox 665 2187 765 2232; x_wconf 87' lang='lat' dir='ltr'><em>quod</em></span> <span class='ocrx_word' id='word_1_385' title='bbox 784 2185 885 2231; x_wconf 87' lang='grc'>(944)</span> <span class='ocrx_word' id='word_1_386' title='bbox 908 2213 916 2222; x_wconf 95' lang='grc'><em>.</em></span> <span class='ocrx_word' id='word_1_387' title='bbox 939 2214 947 2222; x_wconf 92' lang='grc'><strong><em>.</em></strong></span> <span class='ocrx_word' id='word_1_388' title='bbox 970 2213 977 2221; x_wconf 93' lang='grc'><strong>.</strong></span> <span class='ocrx_word' id='word_1_389' title='bbox 1001 2186 1090 2221; x_wconf 83' lang='lat' dir='ltr'><em>artis</em></span> <span class='ocrx_word' id='word_1_390' title='bbox 1110 2186 1211 2232; x_wconf 86' lang='lat'><strong>(945)</strong></span> <span class='ocrx_word' id='word_1_391' title='bbox 1229 2186 1310 2221; x_wconf 87' lang='lat' dir='ltr'><em>secl.</em></span> <span class='ocrx_word' id='word_1_392' title='bbox 1327 2185 1440 2229; x_wconf 83' lang='lat' dir='ltr'><em>Ellis,</em></span> <span class='ocrx_word' id='word_1_393' title='bbox 1451 2185 1560 2231; x_wconf 76' lang='lat' dir='ltr'><em>prob.</em></span> <span class='ocrx_word' id='word_1_394' title='bbox 1574 2186 1682 2220; x_wconf 86' lang='lat' dir='ltr'><em>Post-</em></span> 
     </span>
     <span class='ocr_line' id='line_1_42' title="bbox 216 2232 1684 2280; baseline -0.001 -12"><span class='ocrx_word' id='word_1_395' title='bbox 216 2239 302 2280; x_wconf 80' lang='lat' dir='ltr'><em>gate</em></span> <span class='ocrx_word' id='word_1_396' title='bbox 437 2242 503 2279; x_wconf 91' lang='grc'><em>945</em></span> <span class='ocrx_word' id='word_1_397' title='bbox 531 2245 605 2280; x_wconf 88' lang='lat' dir='ltr'><em>qua</em></span> <span class='ocrx_word' id='word_1_398' title='bbox 623 2234 728 2269; x_wconf 88' lang='lat' dir='ltr'><em>ducis</em></span> <span class='ocrx_word' id='word_1_399' title='bbox 747 2234 948 2279; x_wconf 88' lang='lat' dir='ltr'><em>Olympum</em></span> <span class='ocrx_word' id='word_1_400' title='bbox 967 2234 1070 2268; x_wconf 84' lang='lat' dir='ltr'><em>Ellis</em></span> <span class='ocrx_word' id='word_1_401' title='bbox 1204 2242 1273 2277; x_wconf 90' lang='grc'><em>947</em></span> <span class='ocrx_word' id='word_1_402' title='bbox 1299 2244 1393 2278; x_wconf 90' lang='lat' dir='ltr'><em>eque</em></span> <span class='ocrx_word' id='word_1_403' title='bbox 1413 2233 1474 2267; x_wconf 92' lang='lat' dir='ltr'><em>illa</em></span> <span class='ocrx_word' id='word_1_404' title='bbox 1491 2232 1684 2278; x_wconf 86' lang='lat' dir='ltr'><em>suspendit</em></span> 
     </span>
     <span class='ocr_line' id='line_1_43' title="bbox 216 2279 1684 2327; baseline -0.001 -11"><span class='ocrx_word' id='word_1_405' title='bbox 216 2282 390 2327; x_wconf 76' lang='lat' dir='ltr'><em>Scaliger</em></span> <span class='ocrx_word' id='word_1_406' title='bbox 564 2290 633 2325; x_wconf 84' lang='lat'><em>949</em></span> <span class='ocrx_word' id='word_1_407' title='bbox 658 2280 790 2326; x_wconf 86' lang='lat' dir='ltr'><em>mergit</em></span> <span class='ocrx_word' id='word_1_408' title='bbox 808 2281 962 2326; x_wconf 87' lang='lat' dir='ltr'><em>Bentley</em></span> <span class='ocrx_word' id='word_1_409' title='bbox 1119 2289 1187 2325; x_wconf 86' lang='lat'><em>952</em></span> <span class='ocrx_word' id='word_1_410' title='bbox 1214 2280 1322 2323; x_wconf 88' lang='lat' dir='ltr'><em>uitae,</em></span> <span class='ocrx_word' id='word_1_411' title='bbox 1342 2279 1524 2325; x_wconf 84' lang='lat' dir='ltr'><em>mortique</em></span> <span class='ocrx_word' id='word_1_412' title='bbox 1541 2279 1684 2314; x_wconf 82' lang='lat' dir='ltr'><em>dicatur</em></span> 
     </span>
     <span class='ocr_line' id='line_1_44' title="bbox 217 2325 1681 2373; baseline -0.001 -11"><span class='ocrx_word' id='word_1_413' title='bbox 217 2329 394 2373; x_wconf 85' lang='lat' dir='ltr'><em>Bentley:</em></span> <span class='ocrx_word' id='word_1_414' title='bbox 422 2328 533 2371; x_wconf 87' lang='lat' dir='ltr'><em>uitae,</em></span> <span class='ocrx_word' id='word_1_415' title='bbox 550 2328 755 2372; x_wconf 89' lang='lat' dir='ltr'><em>retinetque</em></span> <span class='ocrx_word' id='word_1_416' title='bbox 779 2329 954 2372; x_wconf 86' lang='lat' dir='ltr'><em>repagula</em></span> <span class='ocrx_word' id='word_1_417' title='bbox 976 2326 1103 2362; x_wconf 83' lang='lat' dir='ltr'><em>mortis</em></span> <span class='ocrx_word' id='word_1_418' title='bbox 1122 2327 1322 2363; x_wconf 83' lang='lat' dir='ltr'><em>Housman</em></span> <span class='ocrx_word' id='word_1_419' title='bbox 1515 2334 1582 2372; x_wconf 84' lang='lat'><em>955</em></span> <span class='ocrx_word' id='word_1_420' title='bbox 1612 2325 1681 2371; x_wconf 84' lang='lat' dir='ltr'><em>ipsi</em></span> 
     </span>
     <span class='ocr_line' id='line_1_45' title="bbox 215 2375 921 2419; baseline -0.003 -9"><span class='ocrx_word' id='word_1_421' title='bbox 215 2377 369 2410; x_wconf 80' lang='lat' dir='ltr'><em>Breiter</em></span> <span class='ocrx_word' id='word_1_422' title='bbox 507 2375 649 2419; x_wconf 91' lang='lat'><em>968-70</em></span> <span class='ocrx_word' id='word_1_423' title='bbox 672 2375 753 2409; x_wconf 88' lang='lat' dir='ltr'><em>secl.</em></span> <span class='ocrx_word' id='word_1_424' title='bbox 771 2376 921 2409; x_wconf 80' lang='lat' dir='ltr'><em>Breitcr</em></span> 
     </span>
    </p>
   </div>
   <div class='ocr_carea' id='block_1_2' title="bbox 284 2878 1576 2914">
    <p class='ocr_par' dir='ltr' id='par_1_2' title="bbox 284 2878 1576 2914">
     <span class='ocr_line' id='line_1_46' title="bbox 284 2878 1576 2914; baseline -0.001 1"><span class='ocrx_word' id='word_1_425' title='bbox 284 2887 346 2910; x_wconf 70' lang='lat'><em>¹²0³</em></span> <span class='ocrx_word' id='word_1_426' title='bbox 915 2878 960 2914; x_wconf 86' lang='lat'><em>16</em></span> <span class='ocrx_word' id='word_1_427' title='bbox 971 2889 984 2913; x_wconf 88' lang='lat'>1</span> <span class='ocrx_word' id='word_1_428' title='bbox 1547 2889 1576 2914; x_wconf 81' lang='lat' dir='ltr'>M</span> 
     </span>
    </p>
   </div>
  </div>
 </body>
</html>
