1934 3220
270 140 505 181 MANILI

269 267 454 307 surgere,
485 266 584 296 cum
619 254 746 294 rectis
777 253 969 294 oriantur
1002 259 1144 294 cetera
1177 254 1412 294 membris:
1661 271 1726 294 200

269 326 322 354 ne
355 311 509 352 mirere
541 324 696 359 moras,
730 324 829 351 cum
863 310 927 352 sol
959 323 1113 352 auersa
1145 323 1222 364 per
1252 318 1369 354 astra

270 370 486 411 aestiuum
517 370 653 411 tardis
685 368 860 411 attollat
893 369 1115 409 mensibus
1147 382 1322 410 annum.

328 441 407 470 nec
438 434 483 470 te
514 432 757 482 praetereat
788 433 1001 468 nocturna
1033 427 1276 480 diurnaque
1307 427 1431 481 signa

270 499 382 541 quae
413 486 497 527 sint
530 484 771 538 perspicere
803 491 846 526 et
878 483 1051 538 propria
1082 485 1297 526 deducere
1329 484 1437 539 lege,

270 557 357 586 non
390 543 581 586 tenebris
613 549 688 584 aut
719 542 812 583 luce
843 556 967 583 suam
1001 543 1253 596 peragentia
1285 550 1460 584 sortem.
1663 561 1726 593 205

271 615 373 644 nam
405 614 638 642 commune
670 600 782 642 foret
814 599 932 641 nullo
965 600 1212 642 discrimine
1243 614 1417 649 nomen,

271 660 418 701 omnia
449 660 567 712 quod
600 658 726 700 certis
758 658 924 699 uicibus
957 672 1031 712 per
1061 664 1261 712 tempora
1292 658 1473 712 fulgent,

274 715 337 774 [et
369 730 484 758 nunc
516 716 589 758 illa
621 717 725 766 dies,
756 729 869 757 nnnc
902 723 1052 758 noctes
1084 716 1156 756 illa
1188 716 1462 770 sequuntur‚]

271 777 345 817 sed
378 775 535 829 quibus
567 773 639 815 illa
672 788 826 828 parens
860 775 1009 815 mundi
1043 780 1198 815 natura
1230 782 1420 816 sacratas

273 834 479 888 temporis
510 833 707 874 attribuit
740 838 884 885 partes
917 832 1107 873 statione
1139 833 1330 886 perenni.
1664 850 1728 873 210

272 905 459 944 namque
492 890 702 944 Sagittari
734 891 903 944 signum
934 891 1162 943 rabidique
1196 891 1355 932 Leonis

272 957 314 991 et
347 964 425 990 sua
458 949 688 1003 respiciens
719 955 873 990 aurato
905 948 1065 989 uellere
1097 955 1230 1002 terga,

270 1016 374 1050 tunc
408 1008 551 1049 Pisces
583 1014 626 1048 et
658 1005 824 1048 Cancer
855 1013 898 1048 et
929 1007 1016 1047 acri
1051 1006 1254 1060 Scorpios
1287 1006 1385 1057 ictu,

272 1073 347 1108 aut
380 1066 518 1107 uicina
549 1065 659 1116 loco,
692 1065 832 1106 diuisa
863 1071 938 1106 aut
969 1064 1165 1118 partibus
1198 1066 1363 1118 aequis,

272 1125 419 1166 omnia
450 1124 649 1166 dicuntur
680 1122 810 1164 simili
842 1123 924 1163 sub
956 1129 1072 1163 sorte
1104 1123 1285 1173 diurna;
1670 1139 1732 1172 215

272 1189 415 1224 cetera
447 1195 525 1223 nec
559 1195 741 1222 numero
772 1181 987 1231 dissortia,
1020 1194 1097 1222 nec
1130 1181 1222 1222 uice
1253 1180 1368 1222 sedis

273 1241 497 1282 interiecta
527 1239 634 1281 locis
666 1239 852 1280 totidem
886 1245 1095 1279 nocturna
1128 1238 1334 1279 feruntur.

273 1299 378 1353 quin
410 1298 542 1340 etiam
574 1312 653 1338 sex
687 1297 906 1340 continuis
938 1298 1089 1338 dixere
1121 1297 1296 1338 diurnas

274 1371 367 1398 esse
399 1357 514 1397 uices
546 1357 683 1405 astris,
715 1369 828 1409 quae
859 1361 959 1396 sunt
991 1368 1016 1395 a
1048 1354 1243 1409 principe
1274 1355 1402 1409 signo

274 1415 505 1469 Lanigeri;
543 1427 622 1455 sex
654 1428 679 1455 a
713 1413 860 1455 Chelis
893 1420 1106 1455 nocturna
1138 1413 1286 1455 uideri.
1669 1431 1732 1454 220

273 1479 372 1514 sunt
404 1472 561 1526 quibus
592 1485 685 1513 esse
715 1472 869 1513 diurna
901 1471 1053 1525 placet,
1087 1484 1200 1524 quae
1233 1471 1424 1513 mascula
1456 1477 1664 1526 surgunt;

274 1531 462 1573 feminea
494 1530 535 1570 in
569 1538 744 1572 noctem
777 1530 883 1570 tutis
915 1530 1105 1584 gaudere
1137 1529 1336 1571 tenebris.

331 1590 435 1643 quin
468 1588 675 1629 nonnulla
705 1587 785 1629 tibi
819 1587 938 1628 nullo
971 1593 1242 1628 monstrante
1273 1587 1525 1641 loquuntur,

274 1648 484 1702 Neptuno
515 1647 677 1688 debere
707 1659 863 1700 genus:
903 1646 1157 1699 scopulosus
1191 1646 1232 1685 in
1266 1647 1394 1687 undis

274 1705 440 1748 Cancer
471 1710 514 1746 et
547 1703 684 1745 effuso
717 1705 957 1757 gaudentes
989 1717 1175 1757 aequore
1209 1703 1363 1745 Pisces.
1672 1719 1732 1751 225

273 1771 372 1806 sunt
406 1777 517 1817 quae
548 1769 721 1804 terrena
754 1768 984 1804 censentur
1015 1762 1155 1802 sidera
1187 1768 1314 1810 sorte,

275 1822 478 1876 princeps
509 1821 695 1862 armenti
727 1820 899 1862 Taurus
932 1832 1154 1874 regnoque
1185 1820 1397 1873 superbus

276 1880 456 1935 lanigeri
487 1879 631 1933 gregis
664 1885 729 1921 est
761 1878 891 1920 Aries
924 1878 1147 1932 pestisque
1179 1879 1366 1919 duorum

276 1938 597 1993 praedatorque
629 1937 722 1978 Leo
753 1943 797 1978 et
829 1937 1024 1978 dumosis
1057 1935 1267 1989 Scorpius
1299 1936 1426 1976 aruis.

275 2002 378 2038 sunt
409 1995 541 2037 etiam
576 1995 744 2036 mediae
776 1994 883 2047 legis
915 1994 1165 2035 communia
1198 1995 1334 2047 signa,
1670 2010 1734 2041 230

274 2055 505 2109 ambiguus
536 2060 676 2096 terrae
710 2052 1012 2107 Capricornus,
1048 2052 1274 2106 Aquarius
1298 2052 1434 2103 undis,

318 2213 377 2234 2οῐ
406 2212 465 2233 nec
485 2201 513 2233 G
601 2211 721 2232 auersa
737 2200 952 2232 Bullialdns:
977 2201 1120 2231 aduersa
1135 2199 1223 2231 codd.
1409 2209 1473 2231 202
1498 2199 1637 2231 adtollat
1654 2198 1740 2230 L¹M

274 2257 338 2286 203
361 2250 437 2278 ante
450 2247 539 2277 hunc
555 2255 586 2277 u.
605 2245 731 2276 lemma
753 2245 788 2275 in
811 2244 898 2276 codd.
919 2255 1006 2284 quae
1029 2248 1194 2275 nocturna
1217 2248 1274 2275 aut
1297 2244 1418 2276 diurna
1436 2243 1642 2283 (habeantur
1657 2242 1734 2275 add.

275 2291 360 2331 LM)
458 2293 652 2330 praetereat
673 2289 955 2319 Bonincontrius:
994 2292 1210 2328 praetereant
1232 2287 1320 2318 codd.
1435 2297 1500 2326 204
1526 2287 1618 2327 lege]
1644 2292 1736 2317 sorte

279 2335 353 2366 Ven.
457 2343 520 2372 205
545 2333 753 2372 peragencia
768 2337 861 2363 sorte
877 2332 916 2363 M
1015 2342 1077 2371 207
1102 2331 1211 2362 cernis
1227 2331 1269 2362 M
1368 2331 1432 2362 208
1458 2341 1593 2361 uersum
1608 2331 1739 2362 seclusit

275 2378 426 2417 Bentley:
451 2383 530 2408 tunc
550 2376 589 2408 G¹
711 2387 775 2417 209
799 2386 922 2416 parens
941 2375 1037 2406 GL2:
1063 2386 1139 2415 pars
1156 2374 1243 2405 L1M
1328 2379 1475 2405 sacratas
1492 2373 1658 2414 Scaliger:
1683 2384 1735 2405 sa-

274 2426 366 2453 crata
379 2422 463 2461 erti
480 2419 567 2452 codd.
675 2430 738 2450 2ῐο
761 2419 921 2451 adtribuit
934 2418 962 2448 L
1045 2419 1179 2449 satione
1192 2418 1233 2449 M
1312 2418 1456 2457 perenni
1472 2417 1519 2449 G:
1543 2417 1674 2459 phenni
1686 2417 1735 2447 L:

275 2470 415 2506 pentum
430 2464 471 2495 Μ
578 2473 637 2494 211
665 2464 817 2503 sagittari
831 2463 890 2493 L²:
917 2462 1082 2502 sagittarii
1096 2462 1209 2493 GL¹M
1297 2462 1473 2501 rabidique
1490 2460 1536 2492 G:
1561 2461 1735 2501 rapidique

277 2510 306 2540 L
325 2510 349 2547 (i
361 2508 522 2549 posterior
534 2518 611 2539 cum
629 2510 710 2547 νας.)
730 2507 772 2538 Μ
857 2516 920 2545 213
946 2512 1026 2537 tunc
1048 2506 1125 2537 Ven.
1143 2517 1149 2536 :
1173 2515 1261 2536 nunc
1280 2504 1368 2536 codd.
1461 2507 1572 2546 pisces
1590 2509 1624 2536 et
1639 2504 1712 2536 dett.
1729 2516 1734 2536 :

276 2553 387 2593 pisces
407 2554 454 2593 (et
472 2553 554 2591 om.)
572 2551 659 2583 codd.
785 2556 818 2581 et
835 2551 903 2582 acri
921 2550 1082 2589 Scorpios
1099 2549 1265 2590 Scaliger:
1291 2554 1323 2580 et
1341 2550 1452 2580 cancri
1469 2549 1626 2588 scorpion
1644 2547 1733 2579 codd.

275 2606 338 2636 214
364 2596 482 2626 diuesa
498 2595 540 2626 M
625 2597 689 2625 216
714 2595 869 2626 dissortia
886 2594 987 2625 Ellis:
1013 2593 1184 2624 consortia
1202 2592 1292 2624 codd.
1382 2602 1446 2633 219
1469 2593 1569 2624 astris
1585 2592 1735 2632 Bentley:

276 2640 396 2672 castris
414 2638 503 2673 codd.
626 2649 689 2669 220
713 2638 829 2669 Chelis
847 2637 999 2675 Bentley:
1022 2636 1114 2667 libris
1132 2635 1190 2667 GL
1206 2647 1212 2667 ε
1236 2636 1321 2667 libra
1337 2635 1379 2667 M
1502 2646 1561 2666 221
1588 2635 1737 2667 mascula

276 2694 343 2715 om.
362 2682 404 2714 M
534 2692 597 2713 222
622 2682 655 2712 in
672 2693 737 2713 om.
757 2681 801 2712 Ll
931 2691 995 2721 223
1019 2684 1094 2711 ante
1109 2680 1199 2710 lmnc
1214 2690 1245 2711 ιι.
1263 2679 1387 2711 lemma
1403 2679 1436 2711 in
1455 2679 1527 2712 GM
1537 2684 1567 2710 et
1583 2690 1689 2720 marg.
1707 2679 1734 2710 L

275 2737 361 2767 quae
387 2728 532 2758 humana
557 2727 709 2767 (humida
727 2725 810 2767 LM)
829 2730 886 2757 aut
903 2731 1039 2757 terrena
1055 2729 1111 2755 aut
1128 2724 1282 2755 cofimnia
1298 2736 1304 2754 ;
1334 2724 1484 2765 spatium
1503 2724 1603 2754 unius
1620 2733 1737 2754 uersus

276 2771 406 2811 reliquit
425 2771 451 2800 L
564 2769 642 2809 quin
667 2769 834 2810 Scaliger:
862 2769 941 2809 quid
958 2768 1017 2799 M:
1045 2768 1135 2807 quod
1154 2766 1202 2798 G:
1232 2768 1297 2798 uod
1322 2767 1348 2798 L
1461 2767 1522 2799 tibi
1539 2767 1736 2798 Lannoius:

276 2815 338 2845 sibi
356 2813 443 2845 codd.
597 2823 659 2851 224
685 2813 831 2844 inundus
848 2813 902 2843 M¹
1054 2821 1117 2852 225
1142 2821 1290 2851 aequore
1309 2810 1382 2843 dell.
1400 2823 1406 2842 ε
1431 2811 1464 2842 in
1483 2820 1630 2850 aequore
1647 2809 1736 2841 codd.

983 2878 1034 2916 14
