1934 3220
280 138 514 181 MANILI

280 254 468 296 flexibus
499 269 555 296 ex
588 256 772 297 totidem
804 256 956 297 similis
988 255 1036 296 fit
1068 255 1250 296 circulus
1282 255 1355 297 illi.
1665 274 1733 307 370

278 319 549 355 transuersos
582 314 712 367 igitur
743 314 913 368 fugiunt
943 313 1174 354 subeuntia
1206 314 1336 363 uisus,

278 371 396 424 quod
421 371 546 412 nimis
578 371 784 413 inclinata
815 372 907 413 acie
937 370 1137 424 limisque
1170 372 1375 413 uidentur

279 429 509 482 uicinoque
539 429 699 470 latent:
737 443 794 469 ex
826 435 944 470 recto
977 430 1134 470 certior
1166 429 1288 469 ictus.

277 487 404 527 tertia
437 487 703 538 †conuerso†
736 487 983 527 conduntur
1013 487 1137 540 signa
1169 500 1348 536 recessu,

276 550 319 585 et
352 545 452 598 quia
484 545 678 585 succedit
710 557 912 585 conuexo
945 544 1057 585 linea
1088 545 1220 594 caelo,
1667 562 1730 597 375

276 602 446 655 singula
478 603 655 643 circuitu
688 616 800 655 quae
831 608 1002 643 tantum
1035 608 1227 643 transeat
1257 608 1385 651 astra,

276 660 392 701 uisus
424 660 484 700 eis
515 660 663 714 procul
696 666 761 701 est
793 660 970 713 altoque
1003 667 1186 714 uagatur
1216 659 1411 714 Olympo

275 724 318 758 et
350 718 492 758 tenuis
525 719 634 759 uires
667 731 724 757 ex
756 718 889 771 longo
922 718 1057 759 mittit
1090 719 1131 758 in
1164 718 1328 759 orbem.

275 776 349 815 sed
383 781 530 816 tamen
564 782 630 816 est
662 776 747 816 illis
780 775 932 817 foedus
963 777 1042 816 sub
1076 776 1171 829 lege
1202 777 1463 830 propinqua,

274 834 390 886 quod
420 847 505 874 non
537 834 758 875 diuersum
790 848 928 888 genus
959 841 1024 876 est
1058 834 1205 888 †quod
1239 835 1441 875 euntibus
1471 835 1639 887 astris†‚
1666 845 1732 885 380

275 891 467 932 mascula
499 893 574 933 sed
607 893 799 933 maribus
830 893 1107 946 respondent,
1139 898 1281 933 cetera
1312 906 1443 934 sexus

273 949 446 989 feminei
479 963 623 991 secum
657 950 842 1003 iungunt
872 951 1134 992 commercia
1166 951 1329 991 mundi.

271 1007 333 1048 sic
365 1021 631 1060 quamquam
663 1007 840 1049 alternis
873 1015 997 1062 paret
1029 1015 1182 1049 natura
1214 1008 1375 1062 figuriS‚

273 1072 315 1106 et
347 1072 536 1120 cognata
568 1066 709 1107 iacent
739 1067 911 1120 generis
943 1067 1024 1107 sub
1058 1066 1225 1119 legibus
1257 1073 1386 1107 astra.

328 1124 415 1164 iam
449 1137 552 1165 uero
584 1124 703 1165 nulla
734 1130 799 1165 est
830 1124 1110 1166 haerentibus
1141 1124 1290 1165 addita
1321 1124 1454 1176 signis
1663 1134 1724 1174 385

271 1182 437 1234 gratia;
475 1195 578 1223 nam
611 1195 859 1232 consensus,
889 1182 1021 1224 hebet
1052 1182 1155 1235 quia
1186 1182 1315 1233 uisus,
1347 1183 1590 1236 ademptus.

271 1239 313 1279 in
345 1240 525 1281 seducta
557 1240 699 1281 ferunt
730 1241 911 1290 animos
951 1254 1062 1294 quae
1094 1253 1269 1282 cernere
1299 1247 1496 1293 possunt.

270 1304 370 1338 sunt
401 1298 533 1339 etiam
565 1299 737 1339 aduersi
770 1299 939 1351 generis
970 1312 1141 1340 conexa
1172 1312 1250 1352 per
1281 1298 1435 1338 orbem

269 1356 461 1397 mascula
493 1357 690 1397 femineis
722 1370 980 1411 semperque
1012 1357 1190 1398 obsessa
1223 1356 1439 1397 uicissim:

268 1413 514 1467 disparibus
546 1428 632 1455 non
666 1413 752 1455 ulla
784 1416 912 1456 datur
943 1415 1174 1456 concordia
1206 1414 1353 1467 signis.
1660 1431 1726 1465 390

325 1478 452 1513 sexta
483 1486 658 1525 quoque
690 1473 734 1513 in
765 1472 904 1513 nullas
937 1479 1218 1514 numerantur
1249 1473 1483 1513 commoda
1515 1471 1639 1523 uires,

268 1530 436 1582 uirgula
468 1543 544 1583 per
574 1537 715 1572 totum
748 1531 866 1583 quod
900 1545 977 1584 par
1009 1545 1093 1571 non
1126 1530 1297 1571 ducitur
1327 1530 1491 1582 orbern,

268 1587 344 1627 sed
376 1588 463 1628 duo
496 1588 620 1641 signa
651 1589 748 1629 ferit
780 1589 935 1630 mediis
966 1595 1188 1630 summota
1219 1589 1454 1642 quaternis,

267 1646 420 1685 tertius
450 1646 687 1699 absumpto
719 1648 877 1688 ductus
908 1660 993 1687 non
1025 1647 1182 1688 sufficit
1213 1646 1330 1688 orbe.

324 1710 370 1744 at
402 1718 514 1756 quae
546 1704 728 1745 diuersis
761 1718 817 1745 ex
849 1704 1046 1758 partibus
1076 1712 1192 1746 astra
1224 1703 1438 1757 refulgent
1660 1722 1723 1754 395

266 1774 342 1814 per
374 1763 565 1803 medium
599 1763 784 1803 aduerso
817 1764 1029 1803 mundum
1062 1763 1299 1816 pendentia
1330 1761 1452 1803 uultu

265 1825 309 1860 et
341 1825 436 1860 toto
469 1820 607 1861 diuisa
638 1827 815 1861 manent
847 1821 1063 1862 contraria
1093 1820 1227 1869 caelo,

265 1878 452 1930 septima
485 1891 683 1931 quaeque
715 1878 812 1919 loco
843 1879 1046 1931 quamuis
1077 1878 1281 1919 submota
1312 1876 1521 1927 seruntur,

265 1949 322 1975 ex
354 1935 488 1988 longo
520 1942 665 1977 tamen
698 1936 770 1976 illa
802 1937 949 1978 ualent
981 1936 1177 1989 uiresque
1210 1936 1453 1977 ministrant

264 1992 332 2034 uel
366 1993 481 2035 bello
515 1994 581 2035 uel
615 2007 723 2048 pace
755 2008 868 2046 suas,
901 2001 947 2036 ut
979 2002 1180 2048 tempora
1211 2000 1408 2048 poscunt,
1653 2012 1723 2044 400

306 2161 370 2190 370
393 2162 436 2182 ex
453 2151 556 2183 Ellis:
583 2157 616 2182 et
633 2150 723 2184 codd.
835 2152 872 2184 fit
888 2152 961 2183 dett.
979 2163 985 2183 :
1009 2152 1053 2183 sit
1071 2150 1136 2183 L2:
1161 2151 1185 2182 it
1204 2151 1233 2182 G
1248 2162 1254 2183 :
1281 2152 1314 2182 in
1332 2150 1420 2181 L1M
1527 2150 1660 2182 circulis
1678 2150 1720 2182 L¹

262 2205 336 2225 cum
354 2205 420 2226 ras,
510 2195 554 2226 illi
572 2196 703 2236 Fayus:
728 2195 793 2226 illis
810 2195 860 2236 (in
879 2206 942 2227 ms.
963 2196 1007 2235 L)
1025 2194 1113 2227 codd.
1268 2205 1329 2235 371
1355 2195 1418 2225 sub
1436 2194 1549 2226 euntia
1567 2194 1646 2235 (sub
1662 2205 1720 2226 eu-

262 2239 295 2269 in
315 2240 397 2273 ras)
417 2239 444 2269 L
626 2249 689 2278 372
714 2239 822 2270 nemis
841 2240 876 2279 (e
893 2250 931 2270 cx
948 2250 1013 2271 ras.
1031 2238 1076 2280 L)
1095 2239 1168 2269 LM
1253 2239 1414 2269 inclinata
1429 2238 1488 2269 M:
1515 2237 1653 2269 inclinat
1671 2238 1720 2269 G:

260 2282 293 2312 in
311 2283 414 2313 elinat
431 2283 458 2312 L
548 2284 622 2313 acie
638 2283 764 2313 Breiter
778 2283 897 2324 (aciem
915 2284 984 2314 iam
1002 2283 1168 2322 Bentleyl:
1193 2292 1256 2313 cue
1272 2282 1328 2313 M:
1352 2292 1442 2313 anne
1461 2281 1554 2312 GL1:
1575 2291 1659 2312 acne
1676 2281 1720 2312 L2

261 2335 323 2364 374
349 2336 513 2357 conuerso
532 2326 590 2356 GL
607 2338 613 2357 ε
637 2331 781 2357 csiuerso
797 2326 840 2357 M
956 2336 1020 2366 375
1043 2327 1121 2366 quia
1137 2325 1196 2357 M:
1219 2336 1305 2365 quae
1324 2326 1415 2357 GL2:
1440 2336 1471 2365 q.
1493 2324 1536 2355 L¹
1654 2335 1717 2365 377

262 2369 355 2399 uisus
377 2369 452 2401 Ven.
472 2382 478 2401 ς
504 2370 553 2401 uis
572 2369 690 2402 GLM:
715 2371 766 2400 eis
783 2370 936 2409 Bentley:
962 2370 1035 2401 eius
1051 2369 1139 2400 codd.
1278 2375 1421 2409 uagatur
1435 2369 1507 2400 dett.
1523 2380 1530 2400 ε
1553 2373 1719 2408 uagantur

261 2414 330 2453 (-er
346 2413 407 2453 L1)
424 2414 512 2445 codd.
711 2423 776 2453 379
799 2414 918 2445 foedus
935 2413 1103 2454 Scaliger:
1130 2413 1216 2444 soeb'
1235 2413 1293 2444 M:
1319 2413 1475 2453 phoebus
1494 2412 1523 2443 G
1538 2423 1544 2443 :
1568 2412 1672 2452 pheb3
1689 2412 1717 2443 L

258 2457 324 2496 380
348 2462 399 2487 est
416 2467 482 2489 om.
503 2457 531 2487 G
630 2458 693 2497 382
717 2468 831 2488 secum
850 2458 991 2497 iungunt
1008 2457 1162 2497 Bentley:
1185 2467 1223 2488 se
1238 2457 1448 2496 coniungunt
1464 2455 1555 2489 codd.
1654 2458 1718 2496 383

258 2510 447 2539 quanquam
465 2500 618 2541 Bentley:
642 2501 819 2541 quicquam
837 2501 926 2532 codd.
1016 2501 1156 2532 alternis
1173 2500 1245 2531 dett.
1264 2513 1270 2532 :
1293 2501 1434 2532 alterius
1451 2499 1539 2532 codd.
1653 2500 1716 2539 384

259 2544 346 2574 iacet
363 2543 404 2573 L¹
557 2546 621 2584 385
646 2548 719 2575 ante
739 2545 828 2575 lmnc
848 2556 878 2577 u.
899 2545 1024 2575 lemma
1043 2545 1077 2575 in
1096 2544 1134 2585 G,
1155 2544 1182 2574 L
1201 2555 1306 2585 marg.
1325 2544 1410 2576 etM
1427 2545 1468 2576 de
1491 2543 1717 2575 inconiunctis

259 2588 465 2626 (coniunctis
483 2587 526 2627 L)
547 2589 654 2627 signis
672 2593 703 2618 et
721 2599 807 2628 quae
824 2588 887 2618 V1⁰
903 2589 977 2620 loco
996 2593 1073 2619 sunt
1093 2588 1176 2628 (sint
1194 2587 1277 2629 LM)
1410 2587 1608 2619 herentibus
1624 2586 1714 2619 codd.

257 2631 322 2669 386
346 2631 447 2661 hebet
463 2630 628 2672 Scaliger:
652 2632 752 2662 habet
768 2632 859 2665 codd.
977 2632 1030 2663 Ita
1047 2633 1256 2672 interpunxit
1281 2632 1385 2673 uulgo
1400 2632 1512 2663 leuiter
1519 2634 1599 2671 post
1612 2630 1715 2662 hebet

255 2675 503 2715 interpzmgitur
589 2675 732 2715 adeptus
747 2675 789 2706 M
887 2678 950 2716 387
975 2676 1009 2706 in
1027 2676 1166 2707 seducta
1182 2676 1336 2717 Bentley:
1362 2676 1538 2707 insedueta
1555 2673 1615 2705 M:
1640 2674 1715 2705 inse

258 2719 360 2749 ducta
379 2717 437 2748 GL
453 2730 460 2749 :
484 2719 516 2748 in
536 2729 571 2749 se
589 2720 688 2749 ducta
707 2718 786 2750 Ven.
877 2720 1005 2759 possint
1025 2719 1054 2750 G
1207 2720 1273 2759 388
1297 2730 1453 2751 connexa
1471 2719 1500 2750 G
1650 2728 1716 2757 390

258 2765 277 2792 ᾖ
295 2762 385 2792 nulla
403 2761 444 2791 M
518 2771 577 2801 391
603 2773 707 2801 quoq;
723 2762 856 2794 finullas
874 2763 916 2794 M
991 2774 1055 2802 392
1081 2774 1140 2803 par
1157 2763 1323 2804 Scalzger:
1347 2774 1425 2804 pars
1443 2762 1530 2794 codd.
1593 2761 1715 2792 dicitur

258 2806 390 2836 ducitur
408 2805 507 2844 (linea
518 2811 579 2845 per
593 2806 714 2836 dicitur
729 2806 839 2848 (lucta)
857 2807 898 2836 M
997 2817 1060 2846 393
1085 2807 1161 2838 ferit
1179 2807 1331 2847 Bentley:
1356 2808 1469 2839 serunt
1485 2806 1543 2837 M:
1568 2805 1645 2836 fecit
1662 2805 1690 2835 L
1705 2817 1712 2836 :

961 2873 1015 2911 24
