1934 3220
341 288 433 330 sius,
452 287 564 322 Anni
577 288 835 329 Climactericz’,
848 289 888 331 p.
909 287 971 329 138
988 297 994 320 :
1024 297 1089 321 ceu
1107 286 1212 320 Ellis
1229 297 1236 320 :
1261 287 1349 329 fort.
1368 285 1398 320 si
1417 296 1529 320 censa
1546 296 1553 319 :
1581 284 1795 330 scaenisque

344 335 543 369 Housman
575 336 630 369 ita
660 338 703 368 ut
732 334 847 376 284-6
877 334 1015 367 abiciat
1030 345 1036 368 :
1075 334 1202 368 dextra
1236 345 1282 368 an
1318 332 1389 367 sint
1420 334 1525 367 laeua
1546 333 1672 377 jacob,
1698 332 1801 376 prob.

342 381 498 415 Bechert
615 382 681 425 298
708 388 743 416 et
763 381 920 415 Bechert
1042 390 1109 424 303
1134 392 1153 414 e
1172 380 1277 415 trinis
1297 381 1493 414 Housman
1590 388 1659 422 304
1685 377 1800 423 astra]

342 434 448 472 posta
466 429 620 473 Bentley
635 439 642 462 :
657 429 753 473 sort.
772 428 868 462 trina
1004 437 1070 471 322
1096 433 1151 462 ter
1168 428 1309 472 quadra
1326 426 1475 471 triginta
1485 427 1613 470 Jacob,
1630 426 1733 470 quod
1745 427 1801 459 ita

342 477 571 510 commendat
584 477 758 520 Postgate
772 481 810 508 ut
825 474 965 519 quadra
976 475 1145 519 profem.
1160 476 1255 519 sing.
1270 474 1400 508 habeat
1417 485 1424 507 :
1451 484 1535 507 cum
1553 473 1683 507 reddat
1694 473 1801 507 Post-

335 526 426 567 gate
592 523 660 566 326
687 521 871 556 subiuncti
892 522 1210 566 Regiomontanus
1354 531 1423 564 330
1441 523 1529 565 post
1545 519 1652 554 unius
1670 520 1803 553 τελείαν

342 568 487 614 στιγμήν
500 571 610 614 ponit
629 569 799 613 Scalzger
933 578 995 612 331
1027 568 1148 613 quinis
1167 569 1322 612 Bentley
1451 577 1518 611 332
1546 567 1655 601 fidem
1675 566 1800 611 quaeri

342 618 497 661 Bentley
605 626 672 660 334
700 615 798 658 cum]
809 616 907 661 sort.
926 622 963 650 tu
1085 625 1154 658 339
1180 621 1332 650 curuata
1346 615 1526 659 Bentley:
1543 614 1638 657 sort.
1652 613 1802 651 ,sinuata

343 673 411 707 349
437 664 601 698 efficiens
619 662 805 708 Scaligerl
1057 664 1122 706 358
1149 668 1187 696 at
1203 661 1316 697 dubia
1335 662 1513 706 Bentley:
1540 660 1677 695 debilia
1687 660 1802 704 jacob

341 714 428 745 ante
443 711 542 745 lzunc
560 722 653 744 ners.
674 710 827 744 collocat
843 721 938 744 uers.
959 717 1027 752 374
1048 710 1209 753 Scaliger
1221 708 1232 728 ¹
1381 709 1444 752 361
1476 720 1559 743 curn
1577 707 1802 752 praeteriens

342 759 564 792 Housman:
593 769 675 792 cum
703 757 901 802 pertransit
926 756 1106 791 formatus
1131 767 1160 790 s.
1186 757 1292 790 limes
1310 756 1488 799 Bentley:
1515 755 1694 789 formatur
1718 753 1801 789 talis

342 816 406 849 per
423 817 451 840 s.
471 805 577 839 limes
597 806 699 839 Ellis
806 805 871 848 365
901 803 989 848 quin
1007 810 1041 838 te
1061 804 1213 838 Brez'ter
1307 811 1370 847 371
1401 802 1605 847 sexangula
1622 802 1799 845 Bentley:

343 852 519 887 obeuntia
544 852 647 886 Ellis
803 860 870 895 372
898 850 1050 885 inclinat
1077 862 1170 885 acne
1189 851 1327 894 Jacob:
1356 850 1532 884 inclinant
1559 860 1673 884 aenae
1700 849 1803 883 Ellis

343 907 410 942 374
437 911 532 935 uers.
550 900 629 933 secl.
648 899 804 942 Bentley
958 906 1023 942 375
1051 904 1089 932 at
1109 899 1282 943 Scaliger
1384 896 1466 942 quis
1485 896 1627 931 accedit
1647 895 1804 939 Bentley

342 947 412 990 380
437 947 680 981 subeuntibus
699 946 868 979 Brez'ter:
896 944 1113 979 coeuntibus
1127 946 1248 979 Ellis:
1277 944 1462 978 diuersum
1482 951 1538 978 est
1555 954 1671 988 genus
1693 943 1802 977 alter-

341 994 516 1029 nantibus
534 994 696 1037 Bentley,
712 993 816 1037 prob.
831 992 988 1026 Beelzert
1140 994 1203 1035 381
1234 1003 1297 1026 sex
1315 992 1487 1036 Scalzger
1643 990 1710 1034 383
1738 989 1801 1032 sic,

343 1040 494 1085 inquam
524 1040 716 1087 Scaliger:
753 1039 806 1075 sic
833 1050 978 1084 quoque
1005 1039 1041 1073 in
1061 1039 1187 1084 jacob,
1208 1041 1334 1073 minus
1358 1039 1519 1072 Latine:
1549 1036 1578 1072 si
1605 1037 1802 1082 quicquam

343 1089 446 1122 Ellis
589 1089 656 1131 387
684 1087 718 1121 in
738 1098 777 1121 se
796 1087 906 1121 ducta
925 1086 1066 1131 (iuncta
1083 1086 1136 1121 ed.
1156 1085 1193 1129 J)
1222 1112 1230 1120 .
1257 1112 1265 1119 .
1291 1112 1299 1119 .
1325 1097 1400 1131 qua
1418 1085 1593 1130 Scalzger
1734 1093 1803 1127 409

343 1136 411 1169 hos
429 1141 576 1170 seruant
592 1135 702 1180 Jacob
813 1145 937 1168 rursus
956 1135 1128 1179 Scaliger
1222 1144 1317 1167 uers.
1335 1133 1414 1167 secl.
1436 1132 1591 1176 Bentley
1734 1140 1802 1174 412

341 1189 377 1217 et
395 1182 538 1227 generis
554 1181 684 1217 uinclis
701 1182 854 1226 Bentley
870 1192 877 1215 :
902 1188 938 1216 et
956 1192 1091 1225 genera
1107 1180 1258 1224 (genere
1271 1179 1487 1223 Housman)
1501 1177 1680 1223 amplexis
1687 1177 1805 1222 jacob

342 1230 541 1264 Housman
556 1239 565 1264 2
589 1240 724 1274 genere
741 1228 918 1273 exemplis
933 1228 941 1244 ‘
956 1229 979 1263 i.
988 1240 1015 1263 e.
1030 1229 1102 1262 τοῖς
1116 1229 1154 1260 τὸ
1166 1227 1263 1271 γένος
1281 1228 1493 1270 ὁμοιώμασιν
1509 1225 1672 1268 ἀλλήλων
1685 1223 1783 1259 οὖσιν
1795 1224 1803 1238 ’

342 1276 498 1312 Bechert
592 1286 660 1320 413
687 1276 851 1311 maribus
868 1276 1033 1320 Bentley,
1046 1278 1143 1320 puto
1157 1279 1251 1309 recte
1311 1273 1340 1308 si
1361 1300 1368 1308 .
1388 1300 1395 1307 .
1414 1299 1421 1307 .
1440 1272 1487 1317 si]
1506 1272 1606 1319 quod
1625 1298 1632 1307 .
1651 1299 1659 1306 .
1678 1299 1686 1306 .
1705 1272 1803 1317 quod

342 1324 499 1369 Bentley
571 1334 643 1367 420
660 1324 856 1368 nudaeque
870 1323 906 1357 in
923 1322 1078 1357 collibus
1096 1322 1206 1356 urbes
1225 1321 1328 1355 Ellis
1343 1331 1350 1355 :
1374 1322 1472 1366 fort.
1490 1320 1655 1365 nudique
1673 1319 1709 1353 in
1728 1319 1805 1354 sole

343 1372 489 1406 labores
568 1372 638 1413 426
651 1374 742 1416 post
755 1379 824 1414 427
851 1370 1005 1404 collocat
1023 1370 1199 1415 Postgate
1279 1370 1347 1411 428
1366 1375 1536 1413 tempora
1549 1378 1636 1402 nam
1651 1366 1806 1411 Bentley

342 1428 411 1462 429
429 1430 496 1463 par
513 1429 585 1452 nox
602 1429 742 1463 parque
760 1417 840 1452 dies
855 1418 1010 1461 Bentley
1077 1426 1189 1460 4304
1213 1416 1444 1450 coniecturas
1456 1414 1574 1460 pudet
1589 1424 1806 1448 enumerare

342 1475 410 1510 433
436 1472 561 1507 restat,
580 1477 673 1510 quae
692 1465 846 1509 Bentley
979 1466 1062 1508 post
1078 1475 1165 1498 cura
1182 1464 1335 1508 szgnum
1354 1462 1660 1509 interrogationis
1679 1461 1808 1505 posuit

343 1514 461 1547 nescio
474 1513 560 1557 quis
574 1513 678 1557 (saec.
693 1513 764 1546 xvi
774 1511 802 1555 ?)
816 1513 857 1545 in
869 1515 942 1546 not.
957 1512 1007 1545 M
1006 1512 1075 1545 stis
1088 1509 1141 1545 ad
1153 1522 1258 1545 oram
1276 1511 1451 1544 editionis
1464 1509 1806 1544 Bonz'ncontrianae

344 1560 440 1594 Bibl.
459 1561 590 1594 Bodl.:
619 1561 706 1594 item
724 1560 842 1604 Jacob
860 1558 1017 1593 Beclzert
1039 1558 1211 1592 Brez‘ter:
1243 1569 1330 1592 cura
1348 1560 1423 1602 pro
1449 1557 1676 1602 z'mperatiuo
1700 1555 1808 1589 ltabet

345 1609 474 1642 Slater
626 1616 692 1650 441
721 1613 833 1652 tuque
850 1613 956 1651 pater
973 1617 1056 1640 cum
1077 1606 1232 1650 Bentley
1390 1612 1456 1647 447
1483 1603 1632 1639 aethere
1650 1602 1807 1647 Bentley

342 1665 412 1699 449
434 1653 550 1689 uariet
569 1654 694 1689 stellas
712 1661 748 1689 et
767 1666 791 1689 5.
814 1660 914 1688 curet
933 1653 1103 1698 Scaliger
1197 1660 1266 1696 454
1290 1657 1419 1697 parent
1439 1651 1475 1685 in
1494 1651 1601 1696 signa
1616 1649 1804 1695 Scaliger-¹

343 1703 559 1748 singulaque
578 1701 740 1747 imperiis
760 1700 915 1746 propriis
934 1699 1102 1745 parentia
1120 1700 1288 1734 membra
1306 1700 1505 1734 Housman
1734 1705 1803 1739 474

343 1750 486 1795 utrique
505 1756 567 1784 aut
587 1749 673 1784 sorti
694 1750 846 1793 Bentley
978 1756 1045 1790 477
1072 1746 1247 1781 aliorsum
1266 1747 1319 1780 bis
1337 1746 1437 1780 Ellis
1563 1753 1631 1789 510
1655 1742 1805 1779 fastidia

343 1796 519 1831 Immz'sclt
669 1805 737 1841 520
763 1795 850 1841 quin
869 1801 904 1830 et
922 1801 997 1829 tota
1017 1800 1141 1828 meant
1160 1795 1317 1828 aduersa
1335 1792 1511 1838 Bentley:
1541 1792 1627 1837 quin
1647 1792 1806 1826 aduersa

344 1850 468 1880 meant
495 1844 693 1879 coniuncta
717 1843 769 1887 (et
795 1843 919 1877 iuncta
936 1843 1013 1876 iam
1024 1840 1156 1886 sacob)
1176 1842 1345 1875 Breiter:
1374 1840 1461 1885 quin
1483 1839 1652 1884 utrinque
1679 1844 1804 1872 meant

343 1893 501 1926 aduersa
520 1892 622 1925 Ellis
799 1891 864 1934 528
892 1901 981 1923 suae
999 1889 1092 1934 parti
1113 1889 1241 1933 Fayns
1433 1895 1500 1931 534
1526 1885 1665 1920 1101111111
1684 1885 1805 1920 uictus

336 1939 471 1984 Jacob:
501 1938 620 1972 minor
638 1938 724 1972 hinc
743 1938 857 1971 uirtus
876 1938 1076 1970 Housman
1211 1946 1284 1981 quo
1303 1935 1495 1980 Scaliger:
1525 1933 1613 1978 quid
1631 1934 1805 1978 Postgate

347 1995 409 2030 535
438 1984 638 2029 nascentis]
659 1984 818 2029 ingentis
829 1983 967 2029 Jacob:
996 1982 1172 2017 armentis
1190 1984 1279 2016 olim
1297 1982 1521 2026 temptabam
1691 1987 1802 2024 534-5

342 2035 422 2068 secl.
440 2034 596 2077 Bentley
745 2040 811 2077 542
849 2031 936 2065 Vide
953 2031 1060 2075 apud
1074 2030 1177 2064 Ellis
1194 2030 1247 2064 ad
1260 2030 1325 2063 loc.
1345 2030 1532 2063 doctorum
1550 2026 1804 2062 indoctorum-

343 2093 412 2125 que
429 2081 657 2115 coniecturas
826 2087 889 2124 551
919 2084 953 2112 et
974 2078 1009 2112 in
1029 2077 1184 2122 Bentley
1304 2082 1404 2110 astra
1421 2075 1577 2120 Bentley
1736 2082 1753 2118 5
1762 2082 1804 2118 52

343 2128 531 2173 Erigonae
539 2127 658 2171 Jacob
773 2134 839 2171 559
865 2124 933 2170 ipsi
954 2126 1166 2159 Gronouius
1276 2124 1340 2168 562
1368 2130 1520 2158 naturae
1538 2122 1618 2166 lege
1637 2122 1808 2166 Scaliger

345 2184 408 2220 571
437 2175 535 2210 nolle
553 2176 730 2220 Postgate
946 2172 1013 2217 576
1039 2171 1137 2206 illinc
1156 2171 1311 2216 Bentley
1454 2170 1616 2214 utrisque
1635 2169 1808 2214 Scaliger

345 2224 412 2267 580
437 2221 572 2257 totiens
591 2221 744 2266 Bentley
866 2221 979 2265 581—8
1001 2222 1088 2264 post
1105 2218 1266 2264 589-607
1284 2217 1438 2252 collocat
1454 2218 1628 2262 Scaliger
1740 2217 1804 2260 582

343 2269 490 2305 foedere
510 2269 709 2303 Housman
883 2267 950 2311 586
977 2265 1027 2310 et]
1048 2268 1140 2301 haec
1158 2267 1333 2311 Postgate
1452 2264 1512 2299 uix
1530 2262 1638 2298 noxia
1655 2262 1802 2308 poenis]

344 2316 559 2352 uadimonia
584 2315 710 2361 sponsi
738 2314 933 2360 Scaliger:
967 2313 1119 2357 uestigia
1144 2320 1220 2348 turn
1247 2323 1330 2347 curn
1358 2313 1534 2356 Bentley:
1568 2310 1627 2345 uix
1651 2321 1805 2345 noscere

343 2375 482 2409 poenas
501 2364 624 2398 Ellis:
652 2362 809 2407 uestigia
826 2361 954 2407 poenis
973 2363 1148 2406 Postgate
1301 2360 1367 2404 588
1394 2358 1634 2404 sponsorique
1652 2358 1808 2402 Bentley

345 2420 412 2456 592
438 2412 486 2445 311
505 2411 677 2456 Scaliger
907 2417 972 2453 593
997 2406 1204 2443 excusabile
1224 2407 1395 2452 Scaliger
1582 2412 1695 2449 594-5
1722 2404 1804 2439 secl.

343 2459 500 2503 Bentley
630 2457 767 2501 619-21
799 2456 878 2490 secl.
902 2457 1055 2500 Bentley
1213 2454 1282 2497 619
1307 2461 1345 2488 at
1363 2452 1424 2498 qui
1442 2453 1619 2498 Postgate
1735 2453 1806 2486 620

344 2517 418 2541 11011
438 2516 567 2550 pacem
589 2532 596 2540 .
615 2531 623 2538 .
643 2532 650 2539 .
668 2511 799 2549 gerunt
817 2505 992 2548 Postgate
1134 2502 1198 2536 621
1228 2500 1416 2546 utriusque
1433 2500 1566 2534 animis
1584 2499 1806 2534 contendere

336 2553 453 2598 jacob
573 2551 686 2596 cogit]
707 2550 820 2595 surgit
838 2552 1013 2596 Postgate
1175 2549 1244 2592 629
1258 2548 1355 2593 sort.
1375 2554 1429 2583 set
1449 2558 1540 2592 quos
1559 2546 1648 2580 dant
1668 2546 1805 2580 Chelae

344 2599 568 2644 Geminique
790 2598 856 2642 635
886 2609 996 2642 saepe
1014 2604 1069 2632 est
1086 2607 1171 2630 nam
1192 2595 1362 2640 Scalzger
1519 2600 1621 2628 astus
1640 2594 1807 2627 Huetius

344 2648 412 2690 642
438 2647 551 2682 ternis
570 2646 742 2692 Scaliger
930 2646 1000 2687 644
1028 2655 1123 2678 uers.
1141 2644 1221 2677 secl.
1240 2643 1394 2686 Bentley
1581 2641 1651 2685 659
1676 2638 1803 2685 piscis]

345 2705 492 2729 menses
510 2695 686 2738 Bentley:
715 2693 836 2728 uiscos
855 2691 1030 2727 Immisclz
1166 2691 1229 2725 661
1261 2700 1428 2735 quaeque
1447 2689 1600 2732 Bentley
1733 2687 1803 2730 672

345 2748 471 2777 tenent
490 2741 538 2775 ab
557 2740 736 2785 sanguine
755 2740 908 2784 Bentley
1044 2740 1134 2783 post
1148 2738 1216 2780 672
1235 2738 1389 2772 collocat
1405 2736 1560 2779 Bentley
1578 2735 1707 2778 681—3‚
1725 2737 1804 2767 tum

344 2791 389 2832 67
393 2790 506 2833 3—80:
533 2789 768 2822 tralaticium
787 2787 953 2821 ordinem
970 2789 1101 2820 tuetur
1116 2785 1271 2819 Bechert
1413 2783 1530 2826 683-6
1554 2783 1634 2816 secl.
1654 2781 1807 2823 Bentley

347 2838 414 2882 683
433 2835 582 2882 proprio
599 2835 804 2881 quadrante
820 2834 1001 2879 Scalzger,
1018 2833 1087 2877 qni
1099 2843 1248 2866 uersum
1263 2835 1348 2866 ante
1364 2830 1430 2866 681
1451 2830 1614 2873 collocat,
1633 2828 1805 2874 alioquin

1041 2893 1115 2928 160
