1934 3220
246 155 479 197 MANILI

248 268 469 322 Erigonen
505 268 681 321 ictuque
714 267 885 319 Nepam
919 264 1149 320 spolioque
1184 265 1377 305 Leonem

246 332 289 368 et
323 339 468 367 morsu
504 325 735 375 Cancrum,
773 324 916 365 Pisces
950 322 1213 376 Cythereide
1246 335 1383 371 uersa,

247 384 513 438 Lanigerum
547 384 663 425 uicto
696 383 927 423 ducentem
960 382 1100 421 sidera
1134 386 1283 434 ponto,

248 448 479 495 ceteraque
510 456 567 483 ex
599 441 727 483 uariis
759 439 996 493 pendentia
1029 438 1201 480 casibus
1231 445 1349 480 astra
1668 455 1707 485 35

248 501 424 542 aethera
456 514 532 553 per
563 512 783 540 summum
817 498 1049 539 uoluerunt
1081 496 1171 536 fixa
1203 496 1379 538 reuolui.

247 571 431 612 quorum
464 557 730 599 carminibus
762 555 867 596 nihil
901 561 966 596 est
997 554 1076 595 nisi
1110 553 1257 595 fabula
1288 554 1470 603 caelum,

246 622 449 669 terraque
481 614 732 669 composuit
762 613 944 663 caelum,
976 625 1089 665 quae
1121 613 1285 666 pendet
1318 612 1374 653 ab
1407 611 1495 653 illo.

248 674 352 728 quin
385 673 518 715 etiam
551 674 659 714 ritus
691 679 915 726 pastorum
947 677 989 712 et
1025 671 1144 710 Pana
1177 677 1403 710 sonantem

247 732 289 772 in
322 732 513 773 calamos
547 730 693 773 Sicula
726 735 939 771 memorat
971 728 1128 769 tellure
1160 735 1357 777 creatus;
1664 745 1709 777 40

249 803 327 831 nec
359 789 480 831 siluis
512 789 710 830 siluestre
743 788 860 829 canit
893 801 1057 841 perque
1089 787 1264 827 horrida
1298 792 1443 826 motus

250 861 345 889 rura
378 847 480 889 serit
512 847 650 888 dulcis
682 859 939 900 musamque
972 845 1138 886 inducit
1170 844 1211 884 in
1243 858 1359 885 arua.

250 919 351 946 ecce
383 905 492 946 alius
523 906 662 959 pictas
694 905 890 945 uolucres
922 917 971 944 ac
1003 902 1119 944 bella
1151 902 1352 952 serarum,

249 963 320 1005 ille
351 970 593 1004 uenenatos
625 963 791 1016 anguis,
823 962 890 1003 hic
923 962 1054 1013 †nata
1086 961 1190 1014 per†
1224 959 1381 1002 herbas

251 1021 340 1064 fata
371 1022 501 1063 refert
533 1021 759 1074 uitamque
791 1034 869 1061 sua
901 1020 1044 1061 radice
1077 1018 1266 1060 ferentis.
1669 1033 1708 1067 45

250 1080 353 1134 quin
385 1080 518 1121 etiam
551 1079 742 1121 tenebris
773 1079 1010 1120 inmersum
1044 1077 1259 1118 Tartaron
1292 1082 1388 1118 atra

251 1139 293 1179 in
326 1137 467 1179 lucem
500 1137 556 1178 de
586 1143 714 1179 nocte
747 1143 906 1178 uocant
939 1136 1179 1188 orbemque
1209 1134 1442 1176 reuoluunt

253 1196 429 1237 interius
462 1209 635 1237 uersum
668 1201 847 1237 naturae
879 1194 1054 1235 foedere
1087 1200 1229 1247 rupto,

251 1268 381 1296 omne
412 1267 549 1307 genus
582 1267 724 1294 rerum
757 1254 914 1295 doctae
945 1252 1137 1293 cecinere
1169 1264 1366 1301 sorores;

252 1312 394 1354 omnis
425 1312 480 1353 ad
513 1325 713 1354 accessus
746 1310 969 1352 Heliconis
1001 1309 1157 1350 semita
1189 1309 1289 1351 trita
1322 1314 1398 1355 est,
1672 1324 1712 1355 50

253 1377 296 1412 et
329 1371 416 1411 iam
448 1370 613 1412 confusi
647 1375 825 1410 manant
856 1370 911 1410 de
942 1368 1135 1410 fontibus
1167 1380 1317 1408 amnes

252 1441 330 1470 nec
361 1429 539 1482 capiunt
570 1429 778 1469 haustum
811 1428 1074 1479 turbamque
1105 1426 1160 1466 ad
1196 1431 1300 1467 nota
1333 1429 1541 1465 ruentem.

253 1488 424 1539 integra
454 1499 716 1539 quaeramus
749 1485 935 1527 rorantis
967 1490 1093 1538 prata
1119 1498 1197 1538 per
1229 1483 1387 1524 herbas

254 1545 507 1598 undamque
538 1544 720 1586 occultis
753 1543 1041 1585 meditantem
1072 1555 1269 1583 murmur
1301 1543 1343 1582 in
1376 1539 1522 1591 antris,

255 1616 386 1656 quam
420 1616 565 1656 neque
595 1603 756 1644 durato
787 1602 1004 1655 gustarint
1036 1613 1111 1642 ore
1143 1600 1355 1650 uolucres,
1674 1616 1714 1648 55

254 1662 348 1716 ipse
380 1675 458 1703 nec
490 1660 684 1702 aetherio
717 1660 922 1701 Phoebus
954 1658 1155 1700 libauerit
1188 1658 1290 1712 igni.

254 1726 401 1761 nostra
435 1719 615 1773 loquar;
649 1718 755 1760 nulli
789 1724 938 1759 uatum
973 1717 1231 1758 debebimus
1263 1729 1351 1766 ora,

254 1791 333 1819 nec
357 1776 535 1827 furtum,
569 1778 645 1818 sed
678 1790 787 1830 opus
819 1776 976 1825 ueniet,
1008 1775 1190 1828 soloque
1223 1774 1420 1815 uolamus

253 1837 296 1877 in
328 1835 497 1877 caelum
522 1849 659 1886 curru,
692 1835 870 1889 propria
900 1840 992 1875 rate
1024 1832 1228 1887 pellimus
1261 1832 1413 1873 undas.

256 1907 446 1947 namque
476 1907 628 1934 canam
662 1893 795 1934 tacita
828 1899 1028 1933 naturam
1061 1897 1207 1932 mente
1239 1895 1465 1944 potentem
1672 1896 1716 1928 60

255 1951 534 2005 infusumque
563 1952 694 1992 deum
727 1951 848 1992 caelo
879 1950 1092 2002 terrisque
1124 1948 1321 2002 fretoque

256 2010 476 2064 ingentem
511 2009 680 2062 aequali
714 2010 1018 2050 moderantem
1052 2007 1227 2048 foedere
1259 2006 1433 2055 molem,

256 2075 488 2122 totumque
518 2067 689 2109 alterno
721 2080 933 2109 consensu
967 2066 1114 2107 uiuere
1146 2065 1358 2106 mundum

256 2134 299 2168 et
331 2126 511 2167 rationis
542 2126 613 2179 agi
647 2131 785 2174 motu,
817 2138 916 2166 cum
950 2125 1126 2178 spiritus
1158 2137 1267 2164 unus

257 2198 334 2238 per
363 2190 542 2225 cunctas
574 2184 744 2225 habitet
777 2189 923 2237 partes
955 2188 1088 2236 atque
1119 2181 1267 2234 irriget
1298 2180 1449 2221 orbem
1675 2186 1716 2227 65

257 2243 404 2284 omnia
437 2241 707 2296 peruolitans
739 2255 986 2295 corpusque
1018 2240 1206 2282 animale
1238 2239 1406 2293 figuret.

299 2403 341 2433 32
365 2394 540 2433 erigonem
558 2392 645 2423 codd.
716 2401 758 2431 33
784 2390 970 2422 chitereide
987 2389 1014 2420 G
1086 2400 1126 2429 35
1152 2394 1352 2429 ceterasque
1366 2387 1465 2419 L¹Ml
1483 2399 1489 2418 :
1518 2392 1718 2427 caeteraque

258 2438 297 2477 G,
319 2441 356 2468 ut
369 2442 461 2476 saepe
560 2438 601 2475 38
626 2445 770 2475 erraque
788 2436 816 2466 L
906 2435 1104 2473 caelumque
1122 2434 1292 2473 dependet
1312 2433 1351 2462 M
1437 2441 1480 2471 39
1504 2431 1589 2462 ritus
1605 2436 1718 2471 pasto-

257 2491 329 2511 rum
347 2481 501 2520 Benllqy:
527 2480 609 2510 ritus
628 2490 790 2519 pecorum
808 2479 836 2509 L
858 2478 934 2508 Ven.
953 2490 959 2508 :
985 2487 1144 2516 pecorum
1163 2477 1246 2508 ritus
1266 2475 1335 2506 GM
1436 2485 1478 2513 4ο
1501 2474 1626 2505 creatis
1645 2474 1719 2506 GL¹

256 2535 295 2564 41
323 2525 467 2564 perque]
486 2534 549 2563 per
565 2524 657 2562 quod
675 2522 713 2552 M
801 2533 842 2561 42
867 2532 949 2553 arua
966 2521 1038 2552 dett.
1056 2532 1061 2552 :
1088 2531 1188 2553 auras
1206 2520 1295 2552 codd.
1388 2529 1430 2558 43
1454 2529 1512 2549 cce
1526 2517 1555 2548 L
1655 2519 1718 2549 hac

257 2568 345 2599 bella
357 2567 398 2597 M
463 2578 503 2606 44
528 2572 696 2598 uenenato
711 2566 849 2606 sanguis
865 2567 932 2605 (-es
946 2564 1001 2603 Β)
1017 2564 1087 2595 LM
1156 2574 1196 2603 45
1221 2574 1281 2594 sua
1294 2564 1367 2594 dett.
1383 2574 1389 2592 :
1410 2573 1504 2593 suam
1519 2561 1607 2593 codd.
1678 2563 1720 2601 46

257 2613 453 2642 immersum
467 2611 631 2642 Tartaron
646 2610 809 2651 Scaliger:
832 2610 1025 2640 inmensum
1042 2613 1167 2639 tartara
1185 2607 1273 2638 codd.
1291 2619 1298 2638 :
1323 2612 1394 2638 atra
1411 2606 1547 2637 Vossius
1625 2610 1719 2636 natra

260 2655 288 2686 G
307 2654 381 2686 Ven.
398 2668 404 2686 ε
430 2659 527 2685 nacta
544 2654 604 2685 M:
627 2659 708 2684 natu
728 2655 779 2694 (-ῡ
797 2655 830 2684 in
848 2653 930 2693 ras.)
951 2652 979 2682 L
1055 2654 1097 2690 48
1120 2652 1258 2683 saedere
1279 2651 1317 2690 G,
1337 2654 1375 2680 nt
1388 2655 1480 2690 saepe
1555 2660 1598 2689 49
1621 2649 1720 2680 docta

257 2699 311 2729 M¹
403 2707 445 2737 50
469 2698 643 2728 helicones
656 2697 742 2728 codd.
834 2707 876 2736 52
900 2697 1024 2727 aduota
1039 2694 1080 2725 M
1165 2705 1206 2734 53
1230 2704 1410 2734 queramus
1423 2693 1463 2723 M
1528 2693 1669 2724 rotantis
1681 2692 1722 2722 M

258 2752 299 2781 54
324 2741 533 2782 undamque]
553 2751 755 2780 causamque
774 2741 914 2781 <volebat
928 2749 1125 2779 musamque
1136 2740 1166 2779 5³)
1190 2738 1265 2770 Ven.
1372 2747 1543 2768 murmura
1559 2734 1724 2767 nantriM

258 2795 300 2826 55
325 2790 503 2825 gustarunt
522 2785 607 2816 L¹M
728 2785 771 2823 56
795 2785 914 2816 foebus
930 2784 970 2814 M
1082 2782 1238 2814 libauerit
1256 2782 1316 2813 M:
1341 2781 1512 2812 librauerit
1531 2780 1604 2812 GL²
1628 2779 1695 2811 lim.
1713 2791 1719 2810 :

259 2829 454 2860 liberauerit
474 2828 514 2858 L¹
608 2839 647 2868 57
674 2833 785 2860 natum
805 2828 846 2858 M
939 2829 980 2866 58
1005 2826 1116 2857 uolani
1135 2826 1174 2857 M
1262 2836 1304 2866 59
1328 2826 1467 2865 proprio
1485 2825 1519 2860 (a
1535 2823 1718 2864 suprascr.)

976 2896 1002 2932 4
