1934 3220
253 155 484 197 MANILI

256 269 377 327 [pars
409 278 473 312 est
507 272 647 324 prima
680 284 840 312 nocens
874 270 1093 311 fundentis
1125 283 1296 323 semper
1328 270 1497 323 Aquari
1519 267 1553 325 ςΙ

256 330 403 371 umida
436 329 616 370 terrenis
648 328 817 381 aequali
852 328 948 381 lege
980 328 1179 368 remixta.

312 401 399 429 non
431 387 528 429 licet
561 401 586 427 a
619 387 809 427 minimis
840 387 1033 426 animum
1066 385 1297 427 deflectere
1327 385 1452 435 curis,

254 459 332 487 nec
363 445 596 499 quicquam
630 444 808 486 rationis
839 450 938 495 eget
971 442 1188 484 frustraue
1221 449 1427 484 creatum.
1647 460 1708 492 ²35

255 503 487 544 fecundum
522 509 585 543 est
619 503 793 556 proprie
826 501 979 542 Cancri
1013 514 1148 554 genus
1179 515 1277 542 acer
1307 508 1350 542 et
1383 502 1469 543 ictu

258 561 462 615 Scorpios
493 566 535 601 et
568 567 693 613 partu
726 560 998 612 complentes
1030 572 1220 612 aequora
1253 559 1408 600 Pisces.

257 620 330 659 sed
364 618 520 659 sterilis
552 618 688 671 Virgo
720 625 785 659 est
817 616 944 657 simili
976 618 1208 658 coniuncta
1242 617 1404 666 Leoni3

255 691 332 717 nec
364 677 480 730 capit
512 681 587 716 aut
619 682 770 729 captos
802 674 987 716 effundit
1020 674 1240 728 Aquarius
1272 681 1404 716 ortus.

254 735 363 775 inter
394 741 629 786 utrumque
662 739 809 774 manet
844 733 1133 787 Capricornus
1165 746 1344 786 corpore
1378 733 1532 780 mixto,
1649 750 1712 782 240

256 800 297 833 et
331 793 404 845 qui
439 791 624 833 Cretaeo
658 792 792 845 fulget
826 790 1070 832 Centaurus
1103 791 1145 831 in
1177 804 1290 841 arcu,

255 850 586 903 communisque
622 850 752 890 Aries
784 855 1045 902 aequantem
1079 856 1278 902 tempora
1311 848 1490 890 Libram

255 916 297 950 et
332 908 539 949 Geminos
570 907 852 961 Taurumque
884 907 974 961 pari
1007 907 1088 947 sub
1120 914 1234 948 sorte
1266 913 1471 948 recenset.

315 980 394 1008 nec
426 974 472 1007 tu
507 966 626 1007 nulla
659 972 786 1019 putes
820 966 861 1005 in
894 979 945 1006 eo
978 972 1228 1007 commenta
1260 965 1426 1006 locasse

255 1030 456 1066 naturam
490 1037 649 1075 rerum,
682 1025 800 1077 quod
833 1030 933 1064 sunt
966 1023 1179 1065 currentia
1211 1024 1443 1077 quaedam,
1654 1038 1715 1071 ²45

256 1090 303 1123 ut
337 1083 430 1124 Leo
462 1088 506 1123 et
538 1082 837 1135 Arquitenens
870 1081 1089 1134 Ariesque
1120 1081 1161 1122 in
1193 1095 1355 1122 cornua
1387 1086 1551 1123 tortus:

256 1146 331 1181 aut
363 1154 477 1194 quae
510 1147 626 1181 recta
658 1140 745 1180 suis
777 1139 992 1181 librantur
1025 1140 1183 1181 stantia
1215 1140 1429 1189 membris,

257 1205 303 1240 ut
334 1199 470 1253 Virgo
502 1205 544 1240 et
578 1197 753 1239 Gemini
785 1198 970 1239 fundens
1001 1203 1046 1238 et
1076 1197 1300 1251 Aquarius
1333 1198 1493 1238 undas:

256 1257 326 1298 uel
358 1271 470 1310 quae
501 1257 612 1298 fessa
643 1257 797 1298 sedent
829 1256 975 1310 pigras
1007 1255 1235 1297 referentia
1267 1261 1447 1307 mentes,

256 1315 428 1356 Taurus
459 1315 669 1368 depositis
701 1315 814 1356 collo
846 1314 1014 1367 sopitus
1045 1314 1210 1364 aratris,
1653 1328 1716 1359 250

259 1373 393 1414 Libra
426 1373 507 1413 sub
539 1373 724 1414 emerito
756 1373 983 1414 considens
1014 1372 1118 1413 orbe
1150 1372 1360 1423 laborum,

257 1439 393 1484 tuque
425 1437 512 1481 tuo,
546 1430 823 1484 Capricorne,
854 1431 953 1483 gelu
987 1436 1235 1472 contractus
1265 1430 1307 1470 in
1340 1429 1477 1471 astris.

260 1502 432 1542 quaeue
463 1490 617 1539 iacent,
652 1488 819 1530 Cancer
849 1488 1045 1542 patulam
1078 1489 1294 1530 distentus
1326 1488 1367 1528 in
1399 1487 1559 1535 aluum,

259 1547 464 1600 Scorpios
496 1547 751 1588 incumbens
783 1546 913 1600 plano
944 1546 1026 1587 sub
1057 1552 1233 1600 pectore
1264 1553 1415 1597 terrae,

258 1606 300 1646 in
332 1605 445 1646 latus
477 1605 642 1658 obliqui
675 1605 820 1646 Pisces
852 1618 1110 1659 semperque
1141 1605 1342 1646 iacentes.
1655 1617 1715 1651 ²55

317 1663 437 1716 quod
470 1663 505 1703 si
538 1663 702 1705 sollerti
735 1663 1030 1716 circumspicis
1061 1663 1208 1704 omnia
1239 1676 1354 1715 cura,

259 1720 461 1763 fraudata
492 1721 685 1762 inuenies
717 1721 886 1763 amissis
918 1721 1060 1762 sidera
1093 1721 1309 1762 membris

262 1779 468 1832 Scorpios
500 1779 543 1820 in
575 1779 708 1821 Libra
739 1779 955 1820 consumit
986 1779 1196 1829 bracchia,
1223 1779 1393 1820 Taurus

259 1838 442 1879 succidit
474 1838 516 1877 in
550 1850 684 1879 curuo
715 1836 896 1879 claudus
928 1838 1055 1891 pede,
1086 1837 1251 1878 lumina
1286 1836 1455 1878 Cancro

260 1896 431 1945 desunt,
454 1893 675 1937 Centauro
705 1902 903 1948 superest
934 1901 976 1936 et
1008 1895 1229 1948 quaeritur
1260 1908 1410 1935 unum.
1651 1899 1716 1932 260

263 1954 324 1994 sic
356 1959 528 1995 nostros
559 1967 683 1995 casus
716 1953 880 1994 solatur
912 1954 1100 1994 mundus
1131 1954 1173 1993 in
1206 1954 1333 1994 astris

261 2012 554 2065 exemploque
586 2013 714 2053 docet
745 2012 961 2065 patienter
992 2012 1151 2052 damna
1182 2011 1339 2061 subire,

263 2070 407 2111 omnis
438 2083 537 2111 cum
570 2069 692 2111 caelo
725 2069 926 2110 fortunae
957 2070 1146 2123 pendeat
1178 2070 1297 2119 ordo,

263 2129 444 2181 ipsaque
474 2128 693 2169 debilibus
726 2127 969 2179 formentur
1001 2127 1140 2168 sidera
1173 2127 1392 2168 membris.

320 2186 596 2240 temporibus
628 2200 802 2240 quoque
833 2192 933 2227 sunt
965 2186 1150 2240 propriis
1182 2185 1390 2239 pollentia
1423 2185 1569 2238 signa:
1660 2189 1719 2231 265

306 2271 370 2300 232
391 2261 437 2292 ita
450 2260 603 2300 Bentley:
627 2270 740 2300 parsq.
756 2260 886 2290 marina
901 2260 1015 2291 nitens
1030 2259 1162 2300 (tutens
1174 2259 1228 2298 M)
1243 2259 1332 2291 codd.
1417 2268 1479 2298 233
1500 2257 1631 2298 aequali
1645 2257 1720 2297 lege

263 2305 407 2336 remixta
425 2304 575 2345 Scalzgver*
591 2315 596 2334 z
623 2309 724 2344 atque
742 2304 787 2334 illi
806 2305 932 2343 degere
951 2303 1008 2339 <de
1027 2314 1153 2342 genere
1169 2303 1223 2337 M)
1241 2303 1330 2334 codd.
1410 2313 1471 2341 234
1495 2306 1571 2332 cmte
1585 2302 1673 2333 lzunc
1688 2313 1721 2333 n.

264 2350 386 2379 lemma
402 2348 437 2378 in
457 2348 485 2379 G
500 2358 587 2387 quae
605 2348 767 2379 saecunda
782 2361 787 2379 :
813 2348 848 2378 in
866 2347 906 2377 M
919 2358 1006 2386 quae
1022 2348 1165 2378 facunda
1176 2347 1364 2378 habeantur
1430 2346 1550 2377 anneis]
1561 2345 1627 2385 Ml,
1642 2356 1719 2377 corr.

265 2403 372 2432 marg.
388 2392 430 2423 al.
446 2403 536 2424 man.
603 2402 666 2431 235
686 2391 809 2422 frustra
828 2390 898 2429 (-ue
911 2396 983 2431 sup.
999 2391 1055 2421 lin.
1069 2390 1145 2422 add.
1160 2403 1167 2422 ε
1192 2392 1226 2421 in
1240 2392 1298 2422 lin.
1315 2390 1398 2430 ras.)
1419 2389 1447 2419 G
1517 2390 1581 2427 236
1597 2389 1720 2429 genus]

265 2437 341 2475 gen'
357 2438 448 2470 (cum
464 2437 541 2467 ras.N
559 2435 587 2466 G
643 2445 705 2474 237
730 2435 887 2475 scorpius
899 2434 943 2465 L2
1018 2435 1081 2473 238
1104 2435 1224 2465 similis
1239 2434 1325 2465 L1M
1381 2434 1557 2465 coniuncta
1571 2432 1674 2472 (-iun—
1689 2434 1722 2463 1'11

265 2480 349 2518 ras.)
367 2479 394 2509 L
497 2489 562 2518 239
586 2484 619 2510 et
637 2479 744 2509 fundit
758 2479 815 2509 M:
842 2479 879 2509 ef
891 2479 1000 2509 fundit
1017 2478 1111 2517 (esim
1126 2478 1205 2517 νας.)
1224 2478 1253 2509 L
1343 2488 1406 2517 240
1429 2477 1568 2508 mixtum
1583 2477 1624 2507 L¹
1643 2476 1719 2509 Ven.

264 2533 325 2561 241
354 2523 379 2553 E
398 2523 439 2553 M
525 2527 639 2553 creteo
656 2522 745 2555 codd.
840 2532 903 2561 242
928 2526 1130 2561 aequantem
1149 2523 1239 2559 (cum
1253 2532 1318 2553 ras.
1334 2525 1411 2562 post
1425 2521 1509 2559 -em)
1530 2521 1558 2552 G
1639 2525 1722 2551 tem-

267 2577 348 2606 pora
364 2566 422 2596 M:
448 2571 601 2605 ternpore
621 2566 679 2597 GL
795 2577 857 2606 243
880 2576 1011 2605 genuos
1029 2565 1069 2595 M
1148 2570 1278 2596 taurum
1297 2566 1391 2604 (-que
1408 2566 1489 2605 om.)
1508 2564 1550 2594 M
1658 2574 1722 2603 244

267 2614 342 2641 ante
357 2610 446 2641 hunc
462 2621 493 2641 n.
514 2610 635 2641 lemma
652 2610 685 2639 iu
706 2609 734 2641 G
750 2619 816 2648 que
834 2610 1001 2641 currentia
1017 2614 1074 2640 aut
1091 2614 1182 2640 recta
1198 2621 1205 2639 z
1229 2610 1261 2639 in
1279 2608 1308 2638 L
1327 2620 1433 2649 marg.
1453 2612 1482 2639 et
1497 2608 1538 2638 M
1550 2618 1637 2647 quae
1657 2608 1724 2638 sint

268 2654 441 2685 currentia
465 2658 521 2684 aut
546 2655 635 2684 recia
655 2665 661 2684 :
685 2655 831 2694 spatiumst
848 2654 951 2685 unius
968 2664 1084 2684 uersus
1100 2653 1228 2692 reliquit
1242 2652 1270 2683 L
1383 2652 1461 2693 nec]
1479 2662 1518 2683 ec
1536 2651 1564 2682 L
1670 2651 1722 2692 tu]

267 2708 311 2728 ne
332 2697 407 2729 Ven.
481 2698 557 2727 ineo
575 2697 602 2727 L
679 2697 808 2728 locasse
824 2697 976 2736 Bentley:
1001 2706 1142 2728 uocasse
1161 2696 1249 2728 codd.
1326 2698 1390 2735 246
1413 2696 1507 2735 arqui
1525 2700 1649 2726 tenens
1666 2695 1723 2725 M:

268 2741 460 2772 arcitenens
475 2740 570 2772 GL2:
594 2746 799 2772 arcetenens
813 2740 854 2771 L¹
928 2746 1043 2772 toruus
1062 2740 1135 2772 Ven.
1206 2751 1268 2779 247
1294 2739 1497 2771 librenturL
1566 2749 1629 2778 249
1651 2742 1727 2769 ante

268 2787 359 2816 hunc
372 2796 405 2816 u.
423 2785 547 2815 lemma
563 2786 597 2815 in
617 2784 687 2815 GM
700 2789 728 2815 et
744 2795 850 2825 marg.
870 2783 911 2816 L.
930 2784 1050 2825 quffle
1066 2784 1221 2815 sedentia
1238 2789 1294 2815 aut
1311 2784 1457 2815 iacentia
1559 2782 1630 2823 uel]
1648 2781 1678 2812 el
1695 2782 1723 2812 L

270 2839 334 2867 250
358 2830 487 2869 sopitus
501 2829 583 2868 (ras.
598 2828 746 2859 duarum
765 2829 820 2859 litt.
832 2833 907 2869 pos!
920 2828 985 2866 -us‘y
1004 2828 1031 2858 G
1113 2838 1175 2867 253
1199 2838 1329 2867 quaeue
1345 2828 1486 2858 Breilert
1504 2832 1619 2857 contra
1635 2826 1724 2856 LM:

970 2883 1020 2923 16
