1934 3220
314 138 544 180 MANILI

315 253 357 294 in
391 265 479 306 quo
512 251 762 301 destituent,
795 253 885 294 eius
921 259 1014 294 tum
1049 252 1151 293 luna
1185 254 1353 296 tenebit
1708 269 1769 306 735

313 310 717 353 dodecatemorium
751 311 872 364 signi.
933 317 1033 364 post
1065 318 1207 352 cetera
1239 311 1368 354 ducet

313 369 463 410 ordine
493 382 670 422 quoque
702 382 793 419 su0,
826 369 938 410 sicut
970 374 1090 409 stant
1121 375 1239 410 astra
1270 369 1426 411 locata.

310 426 420 468 haec
449 439 624 480 quoque
656 433 699 467 te
731 427 841 466 ratio
873 440 927 467 ne
959 425 1093 476 fallat,
1127 428 1324 481 perspice
1355 429 1516 482 paucis,
1707 438 1770 479 738

312 483 655 526 dodecatemorii
688 484 792 536 quid
825 483 880 524 sit
914 485 1032 536 quod
1064 484 1222 525 dicitur
1253 499 1347 526 esse
1706 502 1771 536 740

313 542 712 583 dodecatemorion.
776 554 966 594 namque
998 542 1040 582 id
1075 556 1151 595 per
1181 543 1373 596 quinque
1406 550 1583 586 notatur

314 606 487 654 partes3
525 613 626 640 nam
659 599 843 640 totidem
879 600 1152 652 praefulgent
1187 600 1328 641 sidera
1363 602 1496 652 caelo,

315 670 428 710 quae
460 671 573 711 uaga
606 656 819 705 dicuntur,
854 658 1020 698 ducunt
1055 664 1099 698 et
1133 658 1302 711 singula
1336 666 1472 700 sortes

315 715 530 764 dimidias,
565 715 763 767 uiresque
797 715 838 755 in
877 715 938 756 eis
973 721 1015 755 et
1047 715 1136 756 iura
1168 723 1412 769 capessunt.

316 774 357 813 in
390 786 670 826 quocumque
703 773 833 827 igitur
864 773 1015 814 stellae
1046 774 1310 827 quandoque
1342 774 1513 816 locatae
1713 789 1774 826 745

317 831 672 872 dodecatemorio
705 831 878 882 fuerint,
908 838 1106 885 spectare
1138 831 1338 883 decebit;

317 889 437 930 cuius
471 889 585 929 enim
617 888 742 929 stella
774 889 816 929 in
850 888 957 930 fines
988 890 1030 930 in
1065 890 1205 931 sidere
1239 903 1415 944 quoque

318 947 528 997 inciderit,
560 947 682 988 dabit
714 945 895 987 effectus
929 947 972 987 in
1007 947 1170 988 uiribus
1203 948 1308 990 eius.

320 1004 513 1057 undique
546 1005 769 1045 miscenda
801 1010 868 1045 est
900 1005 1010 1046 ratio
1043 1019 1120 1059 per
1150 1019 1282 1059 quam
1316 1006 1464 1048 omnia
1495 1012 1711 1050 constant.

319 1076 469 1103 uerum
502 1062 609 1103 haec
641 1063 856 1115 posterius
886 1063 1062 1116 proprio
1094 1070 1246 1105 cuncta
1277 1065 1427 1105 ordine
1460 1065 1652 1115 reddam,
1715 1079 1777 1114 750

320 1134 433 1161 nunc
467 1120 573 1161 satis
606 1127 672 1162 est
705 1120 904 1162 docuisse
936 1134 1038 1162 suos
1073 1122 1222 1175 ignota
1257 1135 1335 1175 per
1369 1136 1482 1174 usus,

321 1185 382 1228 ut,
417 1191 516 1219 cum
550 1178 766 1231 perceptis
797 1178 966 1220 steterit
996 1178 1154 1221 fiducia
1185 1180 1406 1231 membris,

321 1237 381 1279 sic
416 1242 559 1278 totum
594 1249 750 1290 corpus
785 1235 901 1278 facili
933 1237 1100 1278 ratione
1132 1244 1318 1287 notetur,

324 1301 366 1336 et
400 1294 513 1335 bene
544 1294 599 1335 de
631 1308 802 1335 summa
833 1294 981 1336 ueniat
1012 1302 1110 1349 post
1140 1296 1311 1350 singula
1344 1309 1533 1338 carmen.

322 1359 369 1393 ut
404 1352 585 1393 rudibus
619 1352 765 1406 pueris
797 1358 1065 1394 monstratur
1098 1353 1243 1395 littera
1274 1353 1462 1408 primum
1719 1368 1778 1404 755

323 1424 401 1465 per
434 1410 590 1451 faciem
623 1423 871 1464 nomenque
903 1424 1045 1462 suum,
1073 1418 1166 1452 tum
1199 1413 1377 1465 ponitur
1408 1425 1537 1463 usus;

322 1475 428 1509 tunc
460 1468 692 1510 coniuncta
724 1468 810 1509 suis
845 1469 1056 1510 formatur
1087 1469 1258 1523 syllaba
1291 1470 1443 1520 nodis;

323 1526 424 1568 hinc
455 1526 597 1567 uerbis
629 1532 847 1568 structura
880 1527 1001 1568 uenit
1035 1541 1111 1581 per
1145 1528 1344 1568 membra
1374 1527 1587 1581 ligandis3

323 1592 428 1626 tunc
466 1597 607 1624 rerum
642 1584 754 1625 uires
788 1590 921 1638 atque
953 1585 1056 1625 artis
1088 1586 1276 1627 traditur
1309 1599 1424 1635 usus,

323 1655 486 1697 perque
517 1642 650 1696 pedes
681 1642 880 1696 proprios
912 1644 1137 1684 nascentia
1168 1644 1362 1684 carmina
1393 1650 1599 1697 surgunt3
1719 1652 1782 1693 760

324 1700 580 1753 singulaque
613 1701 655 1741 in
689 1714 863 1741 summa
895 1701 1072 1755 prodest
1106 1702 1309 1742 didicisse
1342 1702 1512 1755 priora;

325 1772 437 1812 quae
468 1758 547 1799 nisi
580 1758 855 1799 constiterint
887 1759 1037 1812 primis
1068 1759 1250 1800 fundata
1282 1759 1523 1809 elementis,

326 1816 474 1857 effluat
507 1817 548 1856 in
583 1830 744 1857 uanum
778 1830 919 1857 rerum
952 1824 1256 1870 praeposterus
1289 1818 1408 1867 ordo,
1722 1825 1784 1866 764

327 1887 551 1926 uersaque,
581 1887 692 1927 quae
726 1887 910 1927 propere
944 1875 1146 1916 dederint
1178 1882 1408 1929 praecepta
1446 1875 1665 1928 magistri:
1719 1883 1782 1924 763

326 1933 386 1972 sic
419 1932 525 1972 mihi
558 1945 634 1985 per
666 1938 810 1972 totum
841 1932 1042 1973 uolitanti
1074 1933 1264 1974 carmine
1299 1933 1511 1973 mundum
1721 1941 1783 1982 765

326 1997 536 2043 erutaque
568 1990 767 2031 abstrusa
800 1991 971 2044 penitus
1003 1990 1187 2044 caligine
1220 1991 1308 2033 fata

373 2199 436 2230 735
461 2200 524 2230 qua
542 2190 729 2221 destituent
747 2194 780 2220 te
799 2190 1022 2231 (destituente
1040 2190 1092 2230 M)
1111 2191 1234 2222 iustum
1251 2189 1339 2223 codd.
1357 2202 1364 2221 :
1388 2200 1465 2222 corr.
1485 2189 1618 2231 Bentley
1726 2192 1788 2230 736

330 2235 395 2265 duo
435 2234 724 2265 decathemorium
757 2232 796 2263 M
814 2245 821 2264 :
867 2234 1056 2265 duodecate
1096 2235 1237 2265 morium
1271 2234 1321 2265 G:
1366 2234 1433 2265 duo
1465 2234 1727 2265 decathemoriis
1758 2233 1787 2264 L

330 2287 390 2317 737
417 2288 478 2309 suo
495 2288 559 2308 om.
581 2276 640 2308 GL
790 2277 875 2308 sicut
893 2277 965 2308 LM
978 2277 1073 2309 Vm:
1101 2278 1193 2309 uelut
1212 2277 1240 2308 G
1393 2282 1484 2309 stant
1503 2277 1560 2308 GL
1578 2277 1653 2309 Ven.
1672 2289 1678 2308 ε
1705 2277 1733 2308 ἑὲ
1750 2278 1792 2308 Μ

330 2323 393 2361 738
417 2325 492 2352 ante
507 2321 595 2351 hunc
611 2332 641 2351 u.
661 2320 783 2352 lemma
800 2322 834 2351 z'n
854 2320 880 2350 L
899 2332 1007 2361 marg.
1028 2325 1057 2351 et
1072 2321 1113 2352 M
1127 2322 1168 2352 de
1186 2321 1517 2352 duodecathemoriis
1682 2331 1742 2352 aec
1759 2321 1787 2351 L

330 2365 413 2395 fallit
431 2365 625 2404 perspicere
642 2364 683 2394 M
830 2374 892 2403 739
909 2369 985 2405 post
1000 2366 1063 2395 822
1080 2365 1236 2395 collocam'
1378 2375 1440 2403 740
1464 2366 1530 2395 duo
1547 2364 1788 2396 decathemorii

330 2408 420 2438 LM:
444 2407 772 2439 duodecathemoriis
793 2407 820 2438 G
960 2409 1038 2447 quid
1053 2409 1096 2439 sit
1113 2408 1158 2438 L2
1174 2420 1181 2439 τ
1206 2408 1292 2447 quod
1309 2408 1351 2439 sit
1371 2407 1488 2439 GL1M
1661 2418 1787 2447 740-41

327 2452 413 2482 inter
425 2462 456 2481 se
473 2452 674 2491 transposuit
686 2451 752 2492 M1,
773 2462 853 2482 corr.
871 2451 913 2481 M
918 2452 928 2469 ²
1113 2462 1172 2491 741
1199 2452 1554 2483 duodecathernorium
1574 2451 1623 2482 G:
1648 2452 1715 2482 duo
1731 2453 1788 2483 de-

329 2495 574 2526 catheinorium
592 2495 650 2526 M:
675 2496 739 2526 duo
758 2495 1032 2526 decathemorum
1051 2494 1075 2532 (i
1094 2495 1273 2536 suprascr.)
1293 2495 1322 2525 L
1500 2505 1561 2534 742
1585 2500 1702 2534 partes
1720 2494 1765 2525 L2
1782 2507 1789 2526 ι

330 2539 436 2579 partis
454 2538 570 2569 GL1M
731 2549 792 2577 744
818 2539 909 2569 uires
925 2549 992 2570 om.
1013 2538 1085 2569 GL1
1101 2551 1108 2570 ε
1134 2549 1214 2578 —que
1231 2539 1303 2569 dell.
1322 2550 1329 2569 z
1354 2539 1408 2577 qui
1425 2537 1515 2569 codd.
1607 2539 1641 2569 in
1658 2539 1709 2569 eis
1725 2539 1768 2568 L2
1783 2550 1790 2569 ε

329 2583 363 2612 in
381 2583 467 2613 meis
485 2581 577 2612 GL1:
600 2582 709 2613 mueis
727 2581 769 2612 M
854 2582 926 2613 iura
941 2582 1230 2622 Regiomontanus
1246 2594 1251 2613 :
1276 2592 1357 2612 cura
1374 2581 1461 2614 codd.
1598 2591 1659 2620 745
1681 2582 1790 2612 locata

330 2631 349 2656 e
366 2625 408 2655 M
571 2626 635 2664 746
657 2626 980 2656 duodecathemorio
999 2625 1027 2656 G
1042 2636 1049 2656 :
1074 2626 1140 2656 duo
1158 2626 1384 2656 decatemorio
1404 2626 1435 2664 (a
1452 2626 1486 2655 in
1505 2635 1568 2657 ras,
1585 2636 1592 2655 :
1616 2630 1628 2655 t
1646 2631 1718 2665 sup.
1735 2635 1788 2656 em

329 2669 408 2708 scr.)
424 2668 469 2699 L:
495 2669 560 2699 duo
578 2669 709 2699 decima
726 2669 870 2699 temorio
884 2669 926 2699 M
1029 2669 1152 2699 fuerint
1169 2668 1211 2701 G:
1239 2669 1371 2699 ssuerint
1385 2667 1458 2699 LM
1607 2679 1668 2707 747
1693 2668 1790 2699 stella

331 2713 366 2742 in
385 2712 470 2742 fines
487 2712 520 2741 in
539 2711 693 2752 Bentley:
718 2712 836 2743 stellae
854 2712 888 2743 in
906 2713 974 2743 fine
990 2713 1056 2743 sint
1073 2712 1160 2744 codd.
1307 2713 1369 2751 748
1393 2712 1547 2742 inciderit
1563 2711 1717 2751 Bentley:
1741 2712 1789 2743 in-

332 2755 479 2786 ciderint
494 2754 583 2786 codd.
657 2756 818 2786 inuiribus
831 2755 920 2787 codd.
1057 2765 1120 2794 750
1143 2759 1254 2786 utrum
1270 2755 1326 2785 M1
1397 2754 1554 2795 proprior
1564 2754 1607 2785 M
1671 2759 1791 2786 cuncta

330 2809 396 2830 om.
418 2797 506 2829 L¹M
635 2800 698 2838 756
723 2809 784 2839 per
800 2799 860 2830 M:
883 2799 936 2841 plu
959 2798 1029 2839 (sic)
1049 2798 1077 2828 L
1093 2810 1099 2829 :
1123 2804 1157 2830 et
1175 2798 1204 2830 G
1219 2798 1298 2832 Ven.
1387 2803 1457 2830 tum
1474 2799 1611 2839 ponitur
1627 2797 1791 2839 Scaliger:

1034 2855 1090 2904 46
