1934 3220
282 148 513 191 MANILI

280 269 423 304 aestas
455 277 480 304 a
513 263 718 311 Geminis,
749 270 983 305 autumnus
1014 262 1193 314 Virgine
1224 263 1378 315 surgit,

278 320 435 362 bruma
467 320 736 375 Sagittifero,
770 334 845 361 uer
877 320 1074 360 Piscibus
1108 319 1260 372 incipit
1291 333 1398 360 esse.

280 385 490 431 quattuor
522 380 564 420 in
596 385 742 433 partes
774 378 1018 419 scribuntur
1049 377 1191 418 sidera
1222 383 1360 427 terna,

281 437 466 478 hiberna
498 436 687 489 aestiuis,
721 436 942 477 autumnis
974 449 1108 476 uerna
1140 440 1400 488 repugnant.

339 508 416 535 nec
449 495 554 536 satis
587 501 651 535 est
683 493 880 547 proprias
910 493 1132 547 signorum
1166 506 1342 534 noscere
1373 492 1559 542 formas;
1674 508 1739 542 270

281 565 492 594 consensu
525 565 700 605 quoque
732 551 823 592 fata
855 557 1035 593 mouent
1065 557 1108 592 et
1141 550 1316 592 foedere
1347 551 1543 604 gaudent

280 617 413 663 atque
445 610 539 651 aliis
570 610 680 650 aliae
710 609 951 651 succedunt
982 614 1097 650 sorte
1128 609 1327 663 locoque.

280 668 463 709 circulus
496 674 697 709 extremo
729 667 954 721 signorum
988 674 1035 708 ut
1066 666 1281 708 clauditur
1311 666 1429 715 orbe,

284 726 325 765 in
357 726 437 767 tris
468 726 663 779 aequalis
695 725 895 767 discurrit
927 725 1039 766 linea
1071 725 1228 766 ductus

282 783 410 836 inque
442 784 581 824 uicem
613 784 823 825 extremis
855 783 994 836 iungit
1024 796 1071 824 se
1103 783 1260 824 finibus
1293 782 1398 836 ipsa,
1679 796 1740 831 275

282 847 325 881 et
356 855 657 895 quaecumque
689 841 799 892 ferit,
828 841 1031 883 dicuntur
1062 840 1186 894 signa
1217 840 1402 894 trigona,

284 900 324 939 in
356 900 438 940 tria
469 900 655 953 partitus
686 899 806 953 quod
838 906 903 941 ter
935 899 1053 941 cadit
1083 898 1270 952 angulus
1301 905 1431 947 astra,

283 971 395 1010 quae
427 958 565 999 diuisa
599 964 777 999 manent
809 957 941 999 ternis
973 957 1180 998 distantia
1212 957 1358 1011 signis.

286 1015 474 1069 Laniger
505 1029 561 1056 ex
595 1016 772 1070 paribus
804 1015 955 1070 spatiis
987 1015 1075 1056 duo
1107 1015 1240 1069 signa,
1273 1014 1433 1055 Leonis

283 1080 416 1127 atque
449 1073 673 1126 Sagittari,
706 1074 881 1115 diuerso
912 1072 1127 1128 conspicit
1159 1079 1269 1114 ortu.
1681 1081 1742 1110 280

282 1131 472 1185 Virginis
504 1138 547 1173 et
579 1132 713 1173 Tauri
746 1130 1014 1185 Capricorno
1046 1137 1258 1172 consonat
1290 1136 1468 1171 astrum.

284 1196 425 1231 cetera
457 1197 559 1230 sunt
591 1189 720 1231 simili
753 1190 920 1231 ratione
952 1187 1171 1242 triangula
1202 1189 1326 1241 signa

286 1262 360 1300 per
391 1248 578 1289 totidem
611 1254 749 1289 sortes
781 1248 945 1288 distant
977 1260 1090 1299 quae
1121 1246 1300 1288 condita
1333 1246 1510 1286 mundo.

284 1306 358 1347 sed
393 1306 623 1347 discrimen
655 1306 748 1354 erit,
782 1305 951 1347 dextris
985 1305 1087 1355 †seu
1118 1304 1300 1356 causa†:
1337 1303 1511 1344 sinistra

284 1378 396 1417 quae
427 1365 636 1413 subeunt3
673 1377 786 1418 quae
818 1364 1099 1417 praecedunt,
1130 1363 1289 1404 dextra
1321 1375 1414 1402 esse
1444 1361 1647 1402 seruntur.
1681 1371 1743 1411 285

284 1423 442 1462 dexter
473 1422 552 1463 erit
583 1421 732 1463 Tauro
766 1421 1067 1475 Capricornus,
1098 1421 1235 1475 Virgo
1266 1420 1459 1462 sinistra:

285 1480 367 1521 hoc
399 1480 504 1521 satis
536 1479 743 1534 exemplo
776 1487 854 1521 est.
906 1487 950 1520 at
982 1492 1094 1533 quae
1125 1478 1267 1519 diuisa
1299 1477 1522 1530 quaternis

285 1538 482 1591 partibus
514 1538 684 1592 aequali
716 1537 902 1578 laterum
936 1544 1036 1578 sunt
1068 1537 1245 1578 condita
1276 1536 1426 1585 ductu,

284 1609 470 1649 quorum
503 1597 703 1650 designat
735 1595 942 1636 normalis
975 1594 1142 1649 uirgula
1172 1595 1310 1645 sedes,

284 1654 390 1695 haec
422 1655 636 1707 quadrata
669 1653 833 1695 ferunt:
873 1652 1052 1694 Libram
1084 1652 1376 1707 Capricornus
1408 1657 1450 1693 et
1483 1651 1606 1692 illum
1662 1669 1726 1702 290

285 1712 495 1766 conspicit
528 1712 626 1754 hinc
658 1712 803 1761 Aries,
835 1718 970 1764 atque
1002 1712 1142 1764 ipsum
1174 1725 1200 1752 a
1233 1710 1427 1764 partibus
1459 1710 1609 1763 aequis

288 1770 466 1820 Cancer,
497 1778 540 1811 et
572 1771 685 1811 hunc
717 1771 842 1812 laeua
874 1769 1099 1810 subeuntis
1129 1769 1270 1810 sidera
1303 1768 1474 1809 Librae.

286 1842 458 1894 semper
490 1829 607 1869 enim
640 1828 809 1869 dextris
842 1834 1074 1868 censentur
1106 1827 1230 1880 signa
1263 1827 1417 1880 priora.

286 1886 346 1927 sic
379 1886 479 1927 licet
511 1886 552 1926 in
585 1886 771 1928 totidem
805 1892 951 1939 partes
983 1885 1185 1926 diduce1e
1216 1891 1370 1925 cuncta

286 1952 497 1997 teinaque
527 1943 594 1984 bis
626 1944 740 1985 senis
772 1944 988 1997 quadrata
1019 1943 1222 2009 effingere
1254 1941 1402 1996 signiS‚
1683 1958 1744 1992 ²95

287 2015 470 2055 quorum
504 2001 732 2056 proposito
765 2001 1001 2043 reddentur
1031 2002 1073 2041 in
1107 2001 1257 2042 ordine
1290 2000 1414 2041 uires.

345 2061 420 2100 sed
454 2060 488 2100 si
521 2060 616 2113 quis
647 2066 879 2101 contentus
910 2059 990 2100 erit
1022 2071 1271 2100 numerasse
1302 2058 1530 2111 quadrata,

286 2118 475 2158 diuisum
501 2118 606 2171 (ut)
640 2118 775 2171 signis
807 2118 1018 2159 mundum
1051 2123 1176 2170 putet
1208 2129 1300 2157 esse
1331 2115 1566 2169 quaterni3‚

286 2182 361 2216 aut
393 2176 473 2217 tria
505 2175 586 2217 sub
618 2176 759 2229 quinis
791 2175 927 2230 signis
957 2188 1112 2217 ornare
1143 2175 1379 2229 trigonum,

331 2292 393 2331 267
420 2290 471 2322 uir
488 2291 529 2321 M
634 2291 699 2322 268
723 2295 838 2330 partes
855 2290 929 2322 G2L
996 2295 1094 2321 terna
1109 2289 1241 2329 Fctyus.
1263 2294 1375 2320 terrae
1392 2288 1480 2320 codd.
1585 2298 1650 2327 270
1673 2292 1750 2319 ante

287 2335 374 2365 lmnc
389 2346 420 2365 ιι.
440 2335 562 2366 lemma
579 2345 613 2365 m
632 2335 691 2366 GL
706 2345 813 2375 marg.
834 2339 861 2365 et
875 2334 914 2364 M
928 2344 1014 2373 quae
1034 2334 1136 2375 [quae
1153 2339 1250 2365 cauta
1267 2337 1300 2364 et
1319 2332 1404 2373 LMj
1422 2341 1537 2363 eorum
1555 2331 1675 2363 dextra
1691 2337 1748 2363 aut

287 2378 424 2409 sinistra
443 2379 522 2419 (lege
538 2389 622 2418 quae
639 2378 821 2409 coniuncta
838 2383 871 2409 et
890 2388 1007 2409 eorum
1025 2379 1125 2417 quae)
1246 2386 1309 2416 272
1334 2376 1420 2407 sorte
1439 2374 1569 2406 G²L¹M
1684 2386 1748 2415 273

288 2428 442 2453 extremo
459 2423 633 2461 signorum
652 2426 687 2452 ut
703 2422 837 2462 scnpsi
831 2446 837 2452 .
862 2427 898 2453 ut
916 2422 1039 2452 dextro
1055 2422 1231 2461 signorum
1248 2419 1336 2451 codd.
1447 2429 1510 2459 277
1536 2418 1679 2458 partitus
1689 2424 1751 2459 per

287 2465 516 2505 compendium
535 2466 594 2496 M:
612 2466 757 2505 partitur
769 2465 828 2496 GL
911 2474 976 2504 279
992 2475 1033 2495 ex
1049 2464 1132 2495 Ellis
1146 2476 1151 2494 :
1169 2469 1201 2494 et
1217 2463 1308 2495 codd.
1390 2464 1455 2494 280
1473 2462 1641 2502 sagittarii
1656 2462 1745 2495 codd.

286 2510 377 2549 cspffi
395 2509 437 2539 M
531 2510 590 2539 281
609 2510 793 2549 capricono
810 2509 851 2539 M
937 2509 1000 2548 283
1018 2513 1127 2539 sortes
1141 2507 1306 2548 Scaliger:
1331 2508 1426 2538 tortis
1443 2506 1531 2537 codd.
1623 2506 1748 2537 distant

289 2552 417 2583 Lucz'an
431 2551 588 2583 Mueller:
613 2553 738 2584 desunt
753 2552 842 2584 codd.
935 2553 997 2590 284
1023 2551 1140 2593 causa]
1159 2561 1241 2582 eusa
1255 2551 1297 2581 M
1352 2550 1501 2581 sinistris
1517 2549 1593 2581 Ven.
1685 2551 1749 2581 286

290 2597 431 2627 dextera
449 2596 477 2625 L
500 2596 574 2627 Veu.
700 2597 762 2635 287
787 2601 821 2627 at
838 2596 899 2627 M:
923 2597 965 2627 ad
983 2595 1042 2627 GL
1073 2595 1174 2637 quae]
1194 2596 1258 2626 huc
1275 2593 1317 2624 M
1434 2594 1498 2634 289
1521 2593 1649 2632 uirgola
1665 2593 1754 2625 L¹M

289 2658 353 2687 290
377 2648 460 2678 haec
477 2649 636 2686 quadrata
652 2647 807 2687 Bentley:
837 2649 920 2678 haec
937 2652 970 2678 ta
987 2646 1127 2687 (haecca
1145 2657 1221 2677 cum
1239 2656 1301 2677 νας.
1321 2646 1367 2685 L)
1384 2645 1474 2677 codd.
1575 2646 1626 2677 ser
1642 2646 1691 2685 M,
1711 2646 1748 2686 cf.

287 2701 363 2731 305,
384 2692 448 2731 469
571 2697 704 2731 spectat
714 2695 793 2732 post
807 2691 1039 2731 Capricornus
1055 2690 1126 2722 add
1141 2691 1169 2721 G
1187 2700 1294 2730 mmg.
1315 2699 1371 2720 rec.
1388 2700 1481 2720 man.
1585 2700 1645 2729 291
1671 2689 1750 2721 hinc

288 2735 349 2766 M:
373 2735 463 2765 hunc
483 2734 541 2765 GL
631 2745 695 2774 292
719 2736 795 2766 lena
813 2734 901 2766 codd.
994 2744 1058 2773 293
1081 2739 1265 2766 consentur
1280 2733 1320 2764 Gl
1409 2743 1474 2773 294
1497 2732 1629 2764 scilicet
1645 2732 1749 2764 codd:

289 2789 367 2809 corr.
382 2778 532 2818 Scaliger
606 2784 720 2817 partes
733 2778 792 2809 L2:
810 2778 917 2818 partis
933 2777 1051 2809 GL¹M
1124 2778 1283 2809 diducere
1297 2776 1448 2808 Bechert:
1472 2776 1642 2808 deducere
1659 2775 1747 2808 codd.

289 2832 352 2862 295
377 2827 541 2862 ternaque
557 2821 644 2860 dett..
664 2823 700 2862 cf.
720 2823 802 2862 278:
827 2826 984 2862 terraque
1001 2820 1090 2852 codd.
1182 2821 1345 2861 quadrata
1360 2820 1455 2853 dett.:
1478 2820 1641 2860 quadi-ate
1658 2819 1747 2851 codd.

1002 2866 1052 2906 18
