1934 3220
290 146 521 188 MANILI

297 259 419 318 [quin
453 260 584 302 etiam
617 261 790 302 breuior
821 261 931 302 ratio
963 266 1028 301 est
1061 272 1136 313 per
1167 259 1291 312 signa
1319 257 1572 315 sequenda]

293 332 393 361 nam
425 332 726 372 quaecumque
757 320 898 359 nitent
930 318 1122 358 humana
1154 317 1330 358 condita
1361 317 1497 358 forma

298 384 428 426 astra,
452 383 628 418 manent
661 377 742 417 illis
774 376 946 416 inimica
979 383 1021 416 et
1054 376 1169 416 uicta
1203 374 1400 416 ferarum.

297 436 373 477 sed
405 441 553 476 tamen
585 435 625 474 in
659 434 855 487 proprias
887 434 1095 475 secedunt
1126 432 1298 486 singula
1329 440 1496 475 mentes

294 500 337 534 et
368 493 539 547 priuata
571 498 726 546 gerunt
757 492 933 532 secretis
965 491 1162 531 hostibus
1192 504 1323 531 arma.
1683 506 1750 540 5⁴0

296 550 514 604 Lanigero
545 549 700 603 genitis
732 549 895 590 bellum
929 555 993 589 est
1025 562 1123 590 cum
1155 548 1338 601 Virgine
1371 548 1486 588 natis

295 616 339 650 et
371 609 505 648 Libra
532 615 574 648 et
609 607 805 648 Geminis
836 614 879 648 et
911 607 945 646 si
978 620 1086 659 quos
1119 606 1300 659 protulit
1330 607 1461 646 Vrna.

296 667 336 706 in
372 672 521 719 partus
553 666 685 706 Tauri
718 665 798 705 sub
829 665 999 706 Cancro
1031 670 1135 705 nata
1167 663 1360 704 feruntur

295 730 473 778 pectora
504 729 546 764 et
579 724 621 763 in
654 722 801 764 Chelis
834 730 877 764 et
909 736 1021 775 quae
1053 723 1127 763 dat
1161 721 1366 775 Scorpios
1397 735 1506 772 acer,

295 789 339 822 et
372 782 525 823 Pisces.
586 787 631 821 at
663 794 772 834 quos
805 780 1089 822 Geminorum
1122 780 1262 821 sidera
1294 779 1493 828 formant,
1689 793 1752 827 545

296 840 362 880 his
393 852 493 880 cum
527 839 748 892 Lanigero
781 838 941 879 bellum
976 844 1042 879 est
1072 839 1251 891 eiusque
1283 839 1469 892 trigono.

297 899 338 938 in
372 897 539 938 Cancro
571 898 743 950 genitos
777 896 1028 949 Capricorni
1060 896 1224 936 semina
1255 895 1434 936 laedunt

296 962 339 996 et
373 955 533 995 Librae
564 961 715 1008 partus
748 960 791 995 et
822 968 932 1007 quos
963 954 1039 995 dat
1070 954 1264 1008 Virginis
1295 960 1460 994 astrum

298 1013 460 1066 quique
491 1013 572 1054 sub
604 1012 744 1052 auersi
776 1019 1058 1053 numerantur
1089 1012 1227 1052 sidere
1257 1011 1400 1052 Tauri.

298 1071 501 1123 Lanigeri
534 1070 776 1112 communis
808 1070 887 1111 erit
919 1070 1143 1123 rabidique
1175 1069 1335 1109 Leonis
1688 1083 1754 1116 550

297 1128 437 1169 hostis
469 1135 512 1170 et
543 1142 569 1169 a
600 1128 786 1169 totidem
819 1127 982 1168 bellum
1015 1127 1299 1169 subscribitur
1331 1126 1469 1167 astris.

301 1187 493 1239 Erigone
528 1186 833 1240 Cancrumque
864 1186 989 1226 timet
1020 1185 1331 1239 geminumque
1363 1184 1444 1226 sub
1476 1196 1577 1224 arcu

299 1244 566 1286 Centaurum
600 1251 643 1285 et
676 1244 816 1285 Pisces
848 1250 891 1285 et
923 1251 978 1291 te,
1014 1243 1323 1298 †Capricorne‚
1356 1241 1611 1296 rigentem†.

303 1302 498 1343 maxima
531 1302 658 1343 turba
690 1302 799 1355 petit
831 1302 1038 1342 Libram:
1077 1300 1368 1354 Capricornus
1399 1306 1442 1340 et
1475 1298 1535 1340 illi

302 1361 510 1402 aduersus
534 1359 712 1411 Cancer,
728 1359 874 1401 Chelis
897 1360 1017 1412 quod
1040 1365 1273 1412 utrumque
1295 1359 1557 1412 quadratum
1579 1362 1660 1406 est,
1690 1373 1754 1406 555

302 1431 500 1472 quaeque
532 1418 573 1458 in
609 1417 813 1470 Lanigeri
846 1422 1129 1458 numerantur
1160 1417 1284 1471 signa
1315 1417 1546 1470 trigonum.

303 1476 510 1529 Scorpios
543 1476 584 1516 in
617 1476 803 1516 totidem
837 1475 1046 1516 fecundus
1077 1475 1266 1516 creditur
1295 1474 1455 1522 hostes,

300 1547 564 1586 aequoreum
599 1534 824 1583 quenem‚
857 1532 1081 1584 Geminos,
1103 1533 1297 1573 Taurum
1330 1540 1463 1585 atque
1497 1531 1704 1580 Leonem,

302 1592 537 1645 Erigonen,
572 1591 840 1645 Libramque
871 1591 982 1644 fugit
1015 1591 1275 1631 metuendus
1306 1597 1349 1631 et
1380 1591 1481 1643 ipse.

299 1650 460 1703 quique
494 1649 704 1702 Sagittari
737 1649 919 1690 ueniunt
950 1649 1006 1690 de
1036 1649 1175 1690 sidere
1207 1654 1368 1702 partus,
1691 1653 1755 1694 560

299 1708 380 1748 hos
414 1706 610 1748 Geminis
643 1707 732 1748 nati
767 1707 987 1760 Libraque
1019 1712 1063 1747 et
1093 1707 1275 1760 Virgine
1306 1712 1350 1747 et
1379 1705 1500 1746 Vrna

300 1766 563 1818 depressisse
595 1765 748 1806 uolunt
779 1771 932 1806 natura
965 1770 1007 1806 et
1039 1764 1136 1818 lege
1168 1764 1354 1805 iubente.

302 1824 434 1876 <quin
467 1823 600 1863 etiam
633 1823 765 1864 Tauri
797 1836 909 1876 quae
940 1822 1075 1863 stellis
1105 1823 1230 1876 signa
1261 1820 1511 1874 minantur>
1675 1825 1760 1867 562⁸

301 1881 408 1922 haec
441 1881 608 1933 eadem,
642 1880 918 1934 Capricorne,
948 1881 1033 1922 tuis
1065 1880 1239 1921 inimica
1269 1880 1477 1921 feruntur.

303 1945 349 1979 at
381 1952 490 1992 quos
521 1940 708 1980 aeternis
741 1938 959 1991 perfundit
990 1937 1212 1991 Aquarius
1243 1939 1383 1986 undis²

305 1998 347 2037 in
381 2010 574 2050 pugnam
609 1997 855 2038 Nemeaeus
887 1996 979 2051 agit
1009 2003 1242 2048 totumque
1272 1997 1505 2049 trigonum,
1698 2001 1760 2042 565

304 2056 431 2095 turba
462 2056 543 2096 sub
576 2056 702 2096 unius
737 2055 911 2095 quenis
943 2055 1105 2095 uirtute
1136 2053 1336 2094 ferarum.

304 2113 499 2154 Piscibus
529 2120 710 2155 exortos
741 2113 907 2153 uicinus
936 2112 1159 2165 Aquarius
1191 2119 1316 2165 urget

304 2178 347 2213 et
381 2170 553 2212 Gemini
585 2171 735 2213 fratres
766 2178 809 2213 et
841 2184 952 2224 quos
984 2172 1060 2212 dat
1092 2170 1282 2223 Virginis
1313 2175 1492 2218 astrum,

347 2380 411 2419 536
434 2378 553 2410 seclusi
717 2389 777 2418 541
806 2378 917 2418 gentis
934 2377 1023 2409 codd.
1041 2388 1048 2408 ε
1073 2387 1150 2408 corr.
1168 2376 1212 2406 L2
1374 2386 1438 2415 542
1461 2381 1496 2407 et
1513 2374 1666 2407 Geminis
1682 2380 1716 2406 et
1733 2375 1762 2406 si

304 2433 387 2463 quos
403 2423 557 2463 Bentley:
582 2422 707 2462 gemini
726 2424 837 2462 pisces
856 2422 978 2461 «l'piscio
997 2420 1053 2462 G1)
1072 2431 1154 2460 quos
1172 2420 1230 2451 GL
1350 2419 1485 2459 protulit
1504 2419 1553 2451 G:
1578 2419 1715 2459 pertulit
1734 2419 1761 2450 L

302 2477 386 2497 urna
404 2467 556 2505 Bentley:
581 2467 670 2497 unda
689 2466 747 2497 GL
831 2466 928 2496 uerba
943 2465 1069 2504 gemini
1096 2488 1103 2495 .
1129 2488 1138 2496 .
1163 2488 1171 2495 .
1200 2464 1289 2494 unda
1305 2474 1369 2493 om.
1388 2463 1429 2494 M
1557 2472 1621 2502 543
1645 2468 1759 2503 partus

305 2510 514 2541 Gronouius:
540 2516 654 2551 partes
671 2510 758 2540 codd.
826 2514 905 2540 nato
917 2509 958 2539 M
1042 2518 1105 2548 544
1131 2508 1285 2547 scorpius
1301 2506 1389 2538 codd.
1483 2516 1546 2545 545
1570 2507 1680 2546 pisces
1693 2506 1736 2536 L²
1751 2518 1757 2537 ε

302 2554 405 2594 piscis
423 2553 538 2584 GL1M
623 2559 656 2584 at
673 2564 756 2593 quos
772 2552 936 2594 Scalzger:
960 2558 1057 2592 atque
1074 2553 1137 2582 hos
1153 2551 1240 2582 codd.
1383 2560 1444 2590 547
1470 2550 1605 2590 genitus
1620 2550 1663 2580 L¹
1681 2549 1757 2582 Ven.

304 2597 427 2628 femina
440 2598 468 2627 L
536 2598 653 2628 ledunt
668 2597 696 2627 G
711 2609 716 2627 z
737 2597 856 2627 ludunt
873 2596 948 2627 Ven.
1039 2605 1103 2635 549
1126 2596 1237 2626 auersi
1253 2594 1325 2625 dett.
1340 2606 1345 2624 :
1372 2594 1507 2625 aduersi
1523 2593 1612 2625 codd.
1696 2603 1762 2633 550

305 2641 476 2680 rabidique
493 2641 566 2672 dett.
583 2652 590 2671 :
613 2642 789 2680 rapidique
806 2640 894 2671 codd.
979 2649 1038 2680 551
1064 2644 1098 2670 et
1114 2650 1132 2670 a
1152 2639 1363 2670 Gronouius:
1388 2638 1447 2669 sed
1464 2637 1552 2669 codd.
1632 2646 1695 2676 552
1719 2638 1760 2668 Et

305 2685 422 2724 rigone
438 2684 481 2714 M
587 2685 820 2724 Cancrumque
836 2683 970 2722 Bentley
985 2696 991 2714 :
1016 2688 1214 2722 taurumque
1231 2682 1318 2712 codd.
1489 2690 1552 2720 554
1577 2685 1611 2711 et
1627 2691 1693 2712 om.
1712 2682 1760 2720 (δε

304 2728 484 2768 suprascr.)
499 2728 527 2758 L
609 2730 673 2767 556
697 2738 845 2767 quaeque
859 2727 932 2758 dett.
950 2739 956 2758 ε
979 2727 1098 2767 quique
1112 2726 1198 2757 codd.
1265 2725 1389 2765 trigoni
1405 2725 1482 2755 Ven.
1567 2733 1630 2763 557
1652 2724 1762 2754 hostis

302 2771 392 2802 codd.
489 2780 553 2811 559
576 2771 747 2810 Erigonen
761 2771 1048 2811 Regiomontanus
1062 2782 1068 2802 ς
1092 2770 1231 2809 erigone
1246 2769 1273 2799 L
1290 2781 1297 2799 :
1319 2770 1457 2807 erigone
1472 2767 1500 2799 G
1514 2780 1521 2799 z
1541 2773 1576 2798 et
1592 2767 1709 2806 rigoue
1722 2766 1764 2797 M

303 2817 368 2855 560
390 2815 555 2855 sagittarii
575 2815 766 2855 (sagittiferi
785 2814 840 2856 L2)
860 2814 947 2846 codd.
1155 2815 1216 2852 561
1243 2813 1392 2852 libraque
1412 2811 1507 2844 GL2:
1532 2811 1680 2851 librique
1697 2810 1761 2842 M:

1004 2882 1061 2924 34
