1934 3220
267 142 501 184 MANILI

267 257 491 299 Maximus
525 256 684 298 Iliacae
715 257 855 309 gentis
886 256 1122 298 certamina
1155 260 1277 297 uates

265 322 309 357 et
340 315 655 369 quinquaginta
687 327 840 368 regum
869 327 1105 367 regemque
1137 320 1406 368 patremque,

265 380 407 416 castra
438 374 589 414 decem
621 378 837 413 aestatum
871 373 1118 424 uictamque
1149 370 1231 411 sub
1264 371 1455 412 Hectore
1486 370 1665 413 Troiam

264 445 541 484 erroremque
572 430 692 472 ducis
723 430 907 471 totidem
939 436 1047 483 quot
1080 430 1244 471 uicerat
1274 430 1398 470 annis

265 490 500 530 instantem
533 488 648 529 bello
679 487 900 541 geminata
932 501 1008 540 per
1039 487 1214 540 agmina
1246 494 1385 539 ponto
1708 503 1724 534 5

263 546 506 600 ultimaque
538 546 580 586 in
614 545 750 598 patria
781 546 1008 600 captisque
1041 545 1270 598 penatibus
1301 558 1424 586 arma

266 619 337 645 ore
369 618 492 646 sacro
523 604 702 652 cecinit;
741 604 929 656 patriam
962 603 1065 656 quoi
1098 616 1200 643 cura
1232 609 1464 655 petentum

265 663 369 703 dum
404 662 540 703 dabat
571 661 739 714 eripuit,
771 662 979 714 cuiusque
1011 675 1068 702 ex
1101 674 1175 701 ore
1208 660 1404 713 profusos

264 721 407 762 omnis
439 720 669 774 posteritas
699 718 851 760 latices
884 719 926 759 in
959 718 1152 760 carmina
1182 718 1310 759 duxit

264 791 529 831 amnemque
561 778 602 817 in
636 777 779 818 tenuis
811 791 915 819 ausa
946 784 1011 818 est
1044 777 1251 818 diducere
1284 777 1399 818 riuos
1688 791 1725 815 ιο

264 837 387 877 unius
420 836 605 877 fecunda
637 835 774 876 bonis.
836 835 911 876 sed
944 835 1173 888 proximus
1205 834 1266 875 illi

268 895 490 936 Hesiodus
523 900 738 935 memorat
769 893 896 935 diuos
928 893 1168 946 diuumque
1200 899 1403 945 parentes

263 958 306 993 et
338 953 469 993 chaos
502 952 681 993 enixum
712 957 847 992 terras
879 952 1117 1004 orbemque
1148 951 1229 992 sub
1263 950 1336 991 illo

267 1010 476 1051 infantem
511 1016 554 1051 et
586 1010 751 1063 primos
782 1009 1016 1051 titubantia
1050 1009 1192 1050 sidera
1223 1022 1372 1050 cursus

265 1068 538 1121 Titanasque
569 1081 692 1108 senes
727 1068 843 1108 Iouis
878 1073 920 1109 et
952 1067 1167 1108 cunabula
1201 1066 1348 1120 magni
1689 1080 1726 1113 ¹5

264 1134 308 1168 et
339 1127 420 1167 sub
452 1127 584 1167 fratre
616 1125 693 1166 uiri
726 1139 883 1168 nomen
914 1125 1006 1167 sine
1039 1131 1177 1167 matre
1210 1124 1400 1179 parentis

265 1191 399 1238 atque
431 1184 586 1225 iterum
620 1185 766 1237 patrio
799 1190 1051 1226 nascentem
1086 1196 1266 1236 corpore
1299 1181 1532 1223 Bacchum.

263 1243 498 1296 omniaque
541 1242 740 1284 inmenso
772 1242 1001 1283 uolitantia
1033 1241 1196 1282 lumina
1229 1241 1406 1281 mundo.

266 1301 370 1354 quin
402 1301 535 1342 etiam
567 1300 674 1341 ruris
705 1299 848 1341 cultus
880 1299 1085 1353 legesque
1118 1298 1288 1340 notauit

266 1358 554 1411 militiamque
584 1357 690 1408 soli;
728 1359 847 1411 quod
880 1357 1011 1399 colles
1043 1356 1238 1399 Bacchus
1270 1362 1449 1404 amaret,
1685 1372 1728 1394 20

266 1418 384 1470 quod
418 1416 601 1457 fecunda
634 1415 766 1458 Ceres
797 1429 990 1469 campos,
1022 1416 1140 1469 quod
1175 1414 1317 1456 Pallas
1349 1420 1593 1466 utrumque,

266 1481 399 1528 atque
431 1475 609 1516 arbusta
642 1474 765 1528 uagis
796 1479 941 1515 essent
972 1474 1090 1527 quod
1124 1473 1322 1514 adultera
1354 1472 1507 1526 pomis,

266 1533 559 1586 siluarumque
590 1532 697 1573 deos
729 1539 985 1585 sacrataque
1017 1531 1197 1572 fiumina
1227 1530 1458 1585 nymphis;

268 1591 388 1644 pacis
419 1604 531 1644 opus
564 1604 746 1644 magnos
778 1597 957 1632 naturae
989 1589 1138 1631 condit
1171 1590 1213 1629 in
1247 1603 1359 1630 usus.

264 1656 482 1690 astrorum
514 1649 694 1701 quidam
727 1649 865 1690 uarias
897 1648 1049 1689 dixere
1081 1646 1255 1702 figuras,
1691 1660 1729 1692 25

267 1708 477 1761 signaque
509 1706 669 1747 diffuso
701 1707 864 1760 passim
899 1705 1094 1748 labentia
1125 1705 1246 1747 caelo

267 1766 310 1805 in
342 1765 565 1820 proprium
597 1765 806 1817 cuiusque
837 1778 975 1818 genus
1006 1776 1245 1817 causasque
1277 1762 1439 1804 tulere:

269 1823 424 1864 Persea
452 1829 494 1863 et
525 1823 849 1864 Andromedan
876 1836 1019 1877 poena
1051 1829 1328 1874 matremque
1359 1819 1581 1862 dolentem

266 1881 572 1934 solantemque
604 1887 774 1935 patrem
808 1887 1023 1934 raptuque
1055 1880 1263 1933 Lycaone
1295 1885 1445 1920 natam

266 1939 496 1992 officioque
532 1939 648 1980 Iouis
683 1938 973 1992 Cynosuram,
1007 1938 1120 1979 lacte
1155 1937 1382 1992 Capellam
1688 1952 1730 1983 30

263 2004 306 2038 et
337 1997 451 2039 furto
475 1996 685 2051 Cycnum,
718 1997 882 2052 pietate
915 1998 971 2038 ad
1003 1996 1143 2037 sidera
1175 1996 1353 2037 ductam

316 2133 329 2153 1
355 2122 486 2152 aximus
504 2120 556 2152 L:
581 2121 743 2152 Caximus
760 2120 801 2150 M
931 2131 950 2150 2
976 2130 1085 2151 rerum
1107 2119 1176 2151 Gl:
1202 2129 1343 2158 regnum
1363 2117 1411 2150 62
1578 2128 1598 2157 3
1622 2122 1733 2149 castra

267 2166 385 2197 decem
403 2170 567 2196 aestatum
584 2165 718 2206 scripSt':
753 2168 862 2195 castra
880 2164 1001 2194 ducum
1018 2169 1051 2194 et
1068 2163 1155 2194 caeli
1172 2163 1260 2194 codd.
1280 2162 1327 2194 ad
1340 2163 1360 2194 i.
1381 2163 1443 2202 766
1517 2162 1729 2193 hectoreum-

265 2220 331 2249 que
364 2210 667 2251 (haectoreumque
690 2207 735 2248 L)
764 2207 845 2238 facit
875 2207 964 2239 codd.
989 2208 1048 2238 lzoc
1069 2208 1158 2238 loco:
1191 2208 1381 2247 uictamque
1411 2205 1499 2238 codd.
1525 2205 1572 2237 ad
1596 2207 1617 2237 i.
1642 2207 1730 2245 766:

264 2258 408 2293 tutamq.
420 2252 510 2284 codd.
525 2253 659 2283 hocloco
741 2257 872 2292 troyam
885 2251 925 2281 M
1042 2263 1061 2290 4
1079 2261 1227 2283 errorem
1242 2252 1275 2281 in
1290 2261 1356 2283 ras.
1370 2249 1400 2280 L
1489 2254 1572 2289 quot
1587 2248 1659 2281 GM
1671 2260 1728 2281 rec.

267 2308 377 2328 mam:
402 2297 491 2336 quod
512 2295 584 2327 M¹2
611 2298 653 2335 qd
671 2295 698 2325 L
841 2298 862 2326 6
884 2296 1057 2335 captisque
1077 2294 1136 2326 L²z
1163 2295 1352 2335 capitisque
1368 2293 1468 2324 L1M¹
1485 2305 1491 2325 ε
1517 2294 1623 2333 captis
1643 2293 1730 2323 GM2

270 2352 286 2380 7
312 2341 453 2380 patriam
473 2341 524 2370 cui
545 2341 639 2379 <quoi
655 2340 784 2379 scrzffisi:
807 2339 858 2371 cui
876 2340 944 2370 iam
962 2339 1088 2379 Fayus)
1109 2349 1188 2369 cura
1206 2343 1380 2378 petentum
1394 2337 1577 2368 Housman
1592 2349 1597 2367 :
1622 2337 1731 2377 patria

267 2395 354 2424 quae
372 2385 444 2414 iura
463 2389 636 2423 petentem
653 2383 741 2414 codd.
884 2386 961 2423 post
976 2393 993 2422 7
1011 2383 1159 2422 sequitur
1171 2382 1205 2413 in
1224 2382 1264 2411 M
1278 2382 1392 2412 omnia
1408 2380 1617 2421 peruolitans
1634 2391 1674 2411 ex
1687 2382 1730 2411 66

266 2430 286 2458 8
313 2438 386 2458 cum
404 2428 479 2459 Ven.
532 2428 623 2458 dabit
641 2426 681 2456 M
735 2427 899 2465 cuiusque
916 2439 922 2457 :
945 2432 1108 2467 suprascr.
1128 2426 1155 2456 ri
1173 2429 1211 2457 ut
1224 2425 1266 2456 sit
1281 2426 1440 2464 riuusque
1457 2423 1515 2454 Μ’2
1571 2424 1729 2464 profusos

268 2471 296 2501 L
313 2471 387 2501 Ven.
404 2483 411 2502 ε
437 2471 590 2511 profusus
608 2470 666 2502 M:
692 2470 848 2510 profusas
868 2470 896 2501 G
1038 2481 1059 2508 9
1083 2470 1193 2500 latites
1211 2469 1266 2499 M1
1281 2481 1286 2500 :
1305 2469 1423 2500 latices
1439 2467 1514 2498 M3:
1538 2467 1652 2499 lances
1670 2467 1728 2499 GL

268 2516 350 2545 dixit
368 2515 396 2545 G
503 2525 541 2545 10
565 2525 732 2553 amnemq.
750 2514 787 2555 (v
799 2519 871 2554 sup.
892 2524 912 2544 n
930 2516 1000 2552 scr.)
1021 2513 1061 2544 M
1146 2513 1304 2544 intenues
1322 2512 1362 2542 M
1447 2512 1606 2543 diducere
1618 2511 1731 2543 Mark-

270 2559 367 2589 land:
393 2559 561 2589 deducere
578 2558 664 2589 codd.
790 2567 824 2587 11
850 2558 948 2588 bouis
963 2558 991 2588 G
1120 2566 1157 2586 12
1182 2556 1295 2596 diuos]
1314 2556 1442 2595 diuosq.
1461 2554 1490 2586 L
1580 2555 1730 2595 parentis

270 2602 340 2633 GL¹
359 2613 366 2633 ε
391 2603 539 2641 potentis
557 2602 597 2632 M
748 2611 785 2640 13
809 2602 913 2632 cahos
929 2600 971 2631 M
1126 2610 1162 2638 14
1187 2610 1305 2631 cursus
1321 2599 1473 2631 Beclzert:
1500 2609 1623 2640 corpus
1639 2599 1728 2631 codd.

272 2655 309 2684 15
334 2656 437 2676 sones
451 2645 491 2675 L¹
609 2645 693 2676 iouis
712 2650 744 2675 et
760 2645 806 2676 G:
831 2644 957 2675 iuuisse
973 2643 1046 2674 LM
1205 2645 1242 2674 16
1267 2649 1372 2675 matre
1389 2642 1494 2684 Hug:
1519 2643 1623 2674 fratre
1639 2642 1729 2675 codd.

273 2700 309 2728 17
336 2689 477 2720 bachum
495 2688 581 2720 codd.
718 2689 755 2719 18
779 2691 933 2719 inmenso
951 2688 978 2718 L
997 2700 1003 2719 :
1029 2687 1188 2718 uniuerso
1206 2686 1247 2717 M
1332 2687 1455 2718 lumina
1470 2686 1542 2719 dett.
1563 2698 1570 2717 ε
1593 2687 1730 2718 numina

269 2733 417 2769 (rumina
435 2732 506 2772 Ml)
524 2732 611 2763 codd.
758 2742 795 2771 19
819 2732 917 2773 quin]
935 2732 1025 2772 quiq.
1047 2730 1091 2762 G1
1197 2731 1324 2762 notauit
1340 2731 1379 2762 P.
1399 2730 1559 2762 Francius
1575 2741 1581 2761 :
1607 2731 1730 2761 notarit

271 2776 318 2806 G¹
334 2788 340 2807 z
365 2777 491 2815 rogarit
511 2775 646 2807 G2LM¹
665 2787 671 2806 :
696 2777 818 2807 rocarit
831 2775 884 2806 M2
1031 2786 1072 2806 20
1096 2775 1175 2814 quid
1193 2776 1227 2815 (o
1244 2775 1426 2817 suprascr.)
1444 2773 1486 2804 Ll
1545 2774 1663 2805 amarit
1683 2773 1731 2805 6²

271 2831 308 2851 21
338 2820 446 2851 Pallas
465 2820 575 2851 Crecch
594 2832 600 2850 :
630 2820 757 2850 bachus
773 2819 861 2850 codd.
912 2823 1081 2859 utrunque
1101 2818 1138 2858 G,
1157 2821 1195 2850 ul
1207 2823 1354 2859 persaepe
1443 2828 1483 2849 22
1508 2817 1676 2858 adultera]
1696 2822 1730 2848 et

986 2886 1007 2914 2
