1934 3220
314 154 546 197 MANILI

310 268 462 310 nititur
493 267 695 309 aetheriis
730 266 865 309 ueluti
897 267 1186 321 compagibus
1218 267 1348 309 orbis.

310 339 439 380 quem
473 326 552 367 nisi
586 325 807 380 perpetuis
841 325 1008 367 alterna
1039 330 1156 366 sorte
1188 324 1411 366 uolantem

310 383 506 426 cursibus
539 383 762 437 excipiant
796 388 1056 436 nectantque
1089 383 1131 423 in
1165 382 1337 424 uincula
1369 383 1472 424 bina
1707 390 1771 430 805

310 455 387 494 per
419 441 555 483 latera
588 448 719 494 atque
754 440 891 480 imum
927 440 1080 493 templi
1111 454 1421 494 summumque
1452 453 1673 490 cacumen,

310 500 544 540 dissociata
576 498 681 538 fluat
714 498 910 539 resoluto
942 497 1143 539 machina
1177 498 1356 538 mundo.

369 557 445 598 sed
474 556 646 597 diuersa
680 561 830 596 tamen
865 556 929 596 uis
965 562 1030 596 est
1069 556 1110 596 in
1144 556 1320 597 cardine
1352 569 1539 610 quoque,

311 621 354 656 et
389 627 466 667 pro
497 620 613 654 sorte
644 612 727 654 loci
760 613 928 654 uariant
959 619 1093 667 utque
1124 614 1276 654 ordine
1308 613 1489 655 distant.

309 672 473 724 primus
504 671 598 721 erit,
628 671 787 711 summi
822 671 896 724 qui
931 677 1086 725 regnat
1119 670 1306 712 culmine
1341 671 1445 713 caeli
1706 679 1773 711 810

309 735 352 770 et
386 729 579 770 medium
613 729 734 769 tenui
768 728 955 781 partitur
987 729 1127 770 limite
1160 729 1384 777 mundum,

309 800 441 840 quem
475 786 593 840 capit
627 785 801 827 excelsa
838 786 1071 828 sublimem
1103 785 1243 840 gloria
1275 787 1389 828 sede.

309 844 473 886 scilicet
505 844 612 886 haec
646 843 786 886 tutela
822 844 949 886 decet
983 844 1155 898 fastigia
1187 858 1372 894 summa,

309 902 519 957 quicquid
552 908 599 943 ut
632 902 821 943 emineat
854 902 936 943 sibi
968 902 1159 943 uindicet
1191 909 1235 944 et
1268 903 1400 944 decus
1432 915 1562 944 omne

310 965 474 1001 asserat
507 965 551 1000 et
583 960 727 1000 uarios
758 959 989 1001 tribuendo
1020 967 1172 1013 regnet
1204 960 1420 1011 honores;
1708 968 1770 1007 815

309 1017 411 1058 hinc
441 1018 565 1059 fauor
595 1024 639 1058 et
673 1018 840 1070 species
871 1023 1004 1071 atque
1039 1018 1180 1060 omnis
1213 1019 1353 1072 gratia
1385 1016 1527 1072 uulgi:

310 1076 493 1116 reddere
525 1075 617 1116 iura
648 1075 752 1124 foro,
785 1088 1048 1129 componere
1080 1075 1248 1130 legibus
1280 1076 1433 1117 orbem

311 1134 647 1186 foederibusque
681 1134 769 1174 suis
804 1139 1007 1174 externas
1041 1134 1218 1186 iungere
1249 1140 1405 1186 gentes

311 1198 355 1233 et
389 1204 467 1244 pro
501 1198 619 1232 sorte
653 1204 730 1232 sua
761 1190 969 1244 cuiusque
1001 1191 1216 1232 extollere
1247 1204 1419 1233 nornen.

312 1249 551 1302 proximus,
582 1255 781 1290 extrema
813 1262 1081 1302 quamquam
1115 1249 1305 1290 statione
1339 1249 1517 1298 locatus,
1705 1256 1773 1287 820

311 1307 494 1348 sustinet
527 1307 713 1348 aeternis
744 1307 898 1347 nixum
931 1307 1147 1348 radicibus
1179 1308 1347 1356 orbem,

310 1365 468 1406 effectu
501 1365 642 1405 minor
673 1364 715 1405 in
749 1365 906 1419 specie,
941 1365 1018 1406 sed
1051 1365 1190 1407 maior
1222 1365 1264 1405 in
1298 1378 1403 1414 usu3
1705 1371 1770 1402 82²

311 1423 447 1463 maior
478 1421 519 1463 in
553 1421 709 1464 effectu
743 1423 882 1463 minor
914 1429 992 1472 est,
1025 1423 1143 1476 quod
1177 1423 1374 1478 partibus
1408 1422 1513 1477 ipsis
1710 1433 1773 1472 739

309 1480 590 1521 fundamenta
625 1485 747 1521 tenet
781 1493 923 1521 rerum
959 1493 1201 1536 censusque
1231 1481 1475 1536 gubernat:
1709 1487 1773 1526 823

309 1551 441 1591 quam
477 1544 571 1579 rata
604 1537 690 1578 sint
724 1536 851 1579 fossis
883 1544 1099 1579 scrutatur
1132 1544 1236 1579 uota
1268 1538 1457 1580 metallis

309 1601 440 1650 atque
474 1609 530 1637 ex
562 1595 736 1638 occulto
767 1603 980 1649 quantum
1012 1596 1263 1651 contingere
1296 1597 1449 1650 possis.
1710 1603 1773 1643 825

309 1654 462 1694 tertius
494 1653 666 1706 aequali
702 1653 870 1707 pollens
902 1654 943 1695 in
976 1660 1112 1707 parte,
1145 1655 1355 1696 nitentem

310 1711 383 1765 qui
420 1717 540 1753 tenet
575 1718 791 1760 exortum,
823 1725 909 1765 qua
943 1712 1131 1765 primum
1165 1712 1307 1754 sidera
1339 1717 1534 1765 surgunt,

310 1770 424 1810 unde
459 1769 552 1810 dies
587 1769 699 1811 redit
737 1775 780 1810 et
814 1775 988 1824 tempus
1023 1769 1219 1812 discribit
1254 1770 1294 1810 in
1329 1770 1527 1820 horas,—

308 1827 410 1868 hinc
443 1827 554 1868 inter
586 1826 738 1868 Graias
772 1827 1041 1882 horoscopus
1076 1827 1218 1868 editur
1249 1828 1378 1869 urbes

310 1898 388 1925 nec
420 1885 537 1938 capit
569 1890 812 1936 externum,
844 1886 1021 1938 proprio
1053 1886 1156 1940 quia
1187 1886 1365 1926 nomine
1396 1885 1634 1940 gaudet,—
1707 1895 1774 1934 830

309 1942 424 1983 hunc
457 1956 591 1995 penes
622 1942 848 1984 arbitrium
881 1943 999 1984 uitae
1033 1942 1173 1996 (est),
1205 1943 1274 1984 hic
1305 1943 1455 1998 regula
1487 1957 1658 1985 morum
1692 1950 1759 1985 est

311 1999 621 2054 fortunamque
655 2001 779 2041 dabit
818 2000 946 2042 rebus
981 2002 1199 2054 ducetque
1232 2014 1307 2054 per
1339 2008 1467 2049 artes,

310 2058 543 2111 qualiaque
579 2058 803 2112 excipiant
836 2059 1051 2100 nascentis
1087 2065 1287 2112 tempora
1320 2059 1470 2113 prima,

310 2129 420 2168 quos
452 2116 629 2170 capiant
663 2116 814 2166 cultus,
847 2117 965 2170 quali
999 2117 1084 2158 sint
1119 2117 1222 2158 sede
1254 2117 1402 2165 creati,

310 2180 547 2227 utcumque
581 2174 793 2215 admixtis
826 2174 1098 2216 subscribent
1131 2174 1295 2216 uiribus
1327 2181 1456 2216 astra.
1707 2184 1770 2222 835

351 2325 416 2363 803
441 2330 475 2356 et
491 2325 583 2355 heris
600 2323 641 2353 M
800 2326 863 2364 804
889 2335 985 2364 quem
1002 2325 1136 2366 scripsi:
1162 2325 1279 2365 qu(a)e
1295 2324 1384 2358 codd.
1549 2326 1612 2364 805
1636 2330 1773 2356 necant-

309 2378 371 2407 que
389 2367 430 2398 L¹
586 2369 651 2398 806
674 2377 776 2398 unum
795 2368 835 2398 M
986 2370 1050 2409 809
1074 2374 1174 2408 utque
1191 2370 1327 2410 scrt'psn:
1352 2374 1450 2409 atque
1467 2368 1555 2400 codd.
1708 2369 1772 2399 812

309 2421 385 2441 uem
404 2411 432 2441 L
545 2411 660 2442 exelsa
678 2411 719 2441 M
898 2413 960 2451 813
986 2413 1093 2443 tutela
1110 2413 1143 2442 in
1162 2423 1228 2445 ras.
1247 2413 1276 2443 L
1458 2413 1521 2451 814
1546 2412 1712 2452 quicquod
1728 2411 1770 2443 L¹

309 2454 411 2485 decus
427 2453 621 2486 Dulcinius:
647 2451 687 2487 (Ῑέ
702 2455 793 2486 codd.
883 2466 982 2486 omne
998 2456 1070 2487 dett.
1087 2467 1093 2486 :
1120 2456 1208 2487 omni
1225 2455 1316 2488 codd.
1449 2456 1513 2495 815
1537 2460 1666 2486 asserat
1681 2455 1771 2486 GL2:

309 2498 444 2528 adserat
462 2497 549 2528 L¹M
634 2503 754 2540 regnet
770 2499 843 2530 dett.
858 2510 866 2530 :
889 2505 985 2539 reget
1002 2499 1093 2532 codd.
1204 2500 1268 2531 816
1292 2498 1385 2530 omni
1399 2499 1496 2540 (fiffi)
1511 2498 1600 2532 codd.
1708 2500 1771 2538 817

309 2542 490 2572 redderere
509 2541 551 2572 M
713 2544 776 2573 820
802 2547 954 2574 extrema
970 2543 1105 2584 scripsi:
1130 2547 1181 2574 est
1197 2542 1262 2574 ima
1277 2542 1366 2574 codd.
1537 2543 1598 2574 821
1625 2541 1772 2574 aeternis

307 2584 461 2625 Bentley:
484 2585 625 2616 alternis
644 2585 702 2617 GL
718 2597 726 2617 :
748 2586 887 2617 alterius
902 2586 945 2617 M
1044 2587 1162 2617 nixum
1180 2586 1253 2617 dett.
1270 2598 1276 2618 :
1302 2586 1442 2617 mixtum
1462 2586 1595 2618 GL2M:
1619 2590 1769 2617 muxtum

308 2627 352 2658 L¹
509 2630 572 2659 822
597 2630 717 2660 affectu
739 2629 815 2661 Ven.
908 2629 1024 2670 specie
1039 2630 1203 2672 Scaliger:
1227 2630 1361 2670 species
1375 2629 1465 2661 codd.
1623 2639 1687 2669 739
1710 2629 1773 2659 huc

309 2671 469 2702 transtuli
596 2674 659 2711 824
684 2678 757 2704 rata
774 2673 863 2704 L²M
872 2684 879 2704 ε
902 2684 976 2704 rara
995 2673 1068 2704 GL¹
1157 2678 1327 2704 scrutatur
1343 2674 1652 2715 Regiomontauus:
1677 2682 1770 2704 scru-

309 2719 423 2746 tantur
437 2714 525 2745 codd.
670 2718 735 2747 826
757 2717 887 2758 aequali
904 2717 1055 2757 Bentley:
1078 2722 1178 2757 atque
1194 2717 1242 2748 illi
1259 2715 1348 2748 codd.
1439 2717 1574 2758 pollens
1590 2715 1746 2757 Scaliger¹
1761 2726 1767 2746 :

308 2758 429 2790 tollens
445 2758 533 2789 codd.
704 2760 768 2791 828
792 2761 881 2792 unde
898 2760 1068 2801 Scaliger:
1092 2771 1160 2792 una
1175 2760 1265 2792 codd.
1358 2760 1444 2792 redit
1459 2760 1748 2801 Regiomontanus
1762 2770 1769 2789 :

308 2802 400 2833 dedit
418 2801 504 2833 codd.
651 2803 803 2835 discribit
820 2804 953 2835 Bechert
969 2804 1145 2847 (describit
1161 2804 1230 2836 iam
1249 2804 1552 2846 chzbmontanus)
1569 2815 1576 2836 :
1601 2802 1771 2836 describet

1013 2870 1068 2913 50
