1934 3220
300 129 535 173 MANILI

300 258 413 287 nunc
445 247 597 289 foedus
628 249 764 290 stellis
797 264 908 293 nunc
939 258 982 293 et
1014 252 1282 294 dictantibus
1314 254 1407 296 iras.

300 305 419 356 quod
451 305 486 345 si
519 306 627 347 sorte
659 307 764 348 libet
797 322 910 361 quae
941 310 1024 350 sint
1058 311 1271 352 contraria
1302 312 1425 365 signa

301 375 378 416 per
408 362 559 405 titulos
590 364 810 407 celebrare
841 381 942 407 suos
974 368 1196 422 sedesque,
1232 377 1455 411 memento

299 420 531 462 solstitium
567 422 758 473 brumae,
792 424 1104 477 Capricornum
1137 440 1358 480 opponere
1391 427 1572 479 Cancro,

301 476 561 531 Lanigerum
598 480 894 535 Librae—par
925 497 1015 524 nox
1048 484 1090 524 in
1123 490 1306 539 utroque
1339 485 1588 539 diesque—,
1689 502 1755 537 405

301 535 497 577 Piscibus
530 537 765 591 Erigonen,
798 540 1039 593 quenique
1070 542 1303 596 Vrnaeque
1336 543 1560 595 Leonem;

300 592 505 647 Scorpios
537 609 560 635 e
591 609 763 637 summo
796 611 894 638 cum
927 598 1075 650 fulget,
1111 600 1280 642 Taurus
1312 601 1354 641 in
1386 602 1474 642 imo
1506 608 1585 651 est,

299 658 342 692 et
375 652 490 692 cadit
521 652 823 707 Arquitenens
856 656 1054 698 Geminis
1085 659 1322 700 orientibus
1353 660 1458 701 orbi.

305 709 404 762 [hos
437 719 612 753 seruant
644 713 755 753 inter
785 727 881 754 sese
912 716 1126 757 contraria
1158 714 1338 773 cursus]

300 767 376 807 sed
410 780 678 821 quamquam
711 772 906 813 aduersis
937 772 1104 826 fulgent
1136 775 1349 816 contraria
1381 775 1528 828 signis,
1691 793 1758 825 410

300 830 455 866 natura
486 832 634 868 tamen
668 828 885 871 interdum
919 832 1085 873 sociata
1116 832 1311 873 feruntur

301 889 344 924 et
375 897 554 937 genere:
596 887 811 940 exemplis
842 890 1075 930 concordia
1108 896 1259 932 mutua
1290 890 1428 944 surgit

303 941 495 982 mascula
526 943 560 983 si
592 944 781 997 paribus,
814 946 882 988 uel
916 948 949 988 si
983 948 1155 989 diuersa
1187 962 1363 990 suorum

303 1001 571 1054 respondent
603 1004 778 1055 generi;
818 1004 960 1046 Pisces
992 1013 1036 1047 et
1067 1006 1259 1060 Virginis
1289 1014 1406 1048 astra

301 1057 472 1098 aduersi
506 1059 720 1111 uolitant;
756 1063 831 1102 sed
864 1069 1014 1104 amant
1047 1066 1296 1106 communia
1327 1066 1429 1114 iura,
1691 1081 1756 1116 415

303 1122 346 1156 et
379 1116 514 1157 uincit
546 1124 700 1160 natura
733 1118 902 1169 locum3
941 1122 1017 1162 sed
1052 1122 1238 1163 uincitur
1270 1124 1364 1176 ipsa

302 1175 586 1227 temporibuS,
619 1175 873 1230 Cancerque
908 1179 1001 1228 tibi,
1036 1180 1313 1232 Capricorne,
1345 1188 1572 1235 repugnat,

302 1231 463 1272 semina
495 1232 695 1282 femineo,
727 1237 829 1288 quia
862 1237 1042 1278 brumae
1073 1239 1257 1280 dissidet
1290 1245 1445 1289 aestas,

301 1289 400 1330 hinc
432 1291 549 1344 rigor
581 1299 624 1334 et
655 1292 817 1346 glacies
850 1294 1109 1350 niuibusque
1140 1296 1331 1338 albentia
1364 1310 1476 1347 rura,

300 1347 400 1389 hinc
432 1348 524 1390 sitis
557 1357 599 1391 et
631 1352 774 1403 sudor,
806 1353 1037 1406 nudusque
1069 1356 1110 1395 in
1142 1355 1307 1396 solibus
1338 1356 1468 1407 orbis,
1694 1373 1760 1406 420

300 1405 581 1459 aestiuosque
611 1409 704 1450 dies
736 1417 895 1463 aequat
927 1425 1019 1452 nox
1051 1412 1207 1465 frigida
1238 1414 1429 1454 brumae.

300 1463 359 1504 sic
392 1463 554 1505 bellum
585 1473 738 1508 natura
769 1469 892 1522 gerit,
923 1470 1145 1512 discordat
1176 1478 1219 1512 et
1251 1485 1400 1522 annus,

301 1535 354 1561 ne
387 1522 543 1564 mirere
574 1524 616 1564 in
648 1539 698 1566 ea
731 1528 972 1580 pugnantia
1003 1528 1145 1570 sidera
1176 1536 1310 1582 parte.

301 1586 344 1620 at
378 1593 465 1620 non
498 1580 703 1636 Lanigeri
735 1584 910 1639 signum
945 1586 1193 1640 Libraeque
1223 1594 1439 1642 repugnat

302 1638 344 1678 in
377 1645 535 1689 toturn,
569 1641 672 1694 quia
704 1656 780 1683 uer
811 1651 1024 1685 autumno
1055 1652 1253 1698 tempore
1284 1646 1441 1693 differt,
1695 1661 1759 1694 425

301 1696 509 1738 fructibus
541 1697 623 1740 hoc
656 1699 809 1753 implet
843 1702 1034 1752 maturis,
1068 1702 1246 1744 floribus
1280 1703 1398 1755 illud,

302 1755 377 1795 sed
410 1755 579 1797 ratione
610 1759 702 1810 pari
735 1765 799 1800 est
832 1761 1029 1813 aequatis
1062 1768 1190 1802 nocte
1221 1761 1385 1811 diebus,

301 1818 590 1867 temporaque
620 1816 810 1858 efficiunt
841 1818 970 1858 simili
1003 1820 1233 1861 concordia
1266 1825 1393 1861 textu

301 1871 635 1925 permixtusque
667 1874 757 1915 dies
790 1876 945 1917 mediis
978 1876 1167 1918 hiemem
1200 1878 1312 1919 inter
1344 1885 1387 1919 et
1419 1884 1589 1920 aestum

300 1928 489 1970 articulis
520 1944 606 1971 uno
639 1934 859 1974 seruantia
890 1942 1090 1988 tempore
1122 1941 1368 1989 utrumque,
1689 1952 1760 1985 430

301 2000 389 2039 quo
421 1987 564 2029 minus
596 1989 754 2032 infesto
785 1992 1012 2034 decertent
1044 1993 1186 2034 sidera
1217 1994 1345 2035 bello.

302 2042 419 2100 [talis
452 2047 533 2088 erit
564 2047 674 2089 ratio
706 2049 887 2091 diuersis
919 2051 1070 2093 addita
1102 2049 1270 2108 signis]

343 2255 405 2285 401
431 2245 551 2277 foedus
567 2244 722 2283 Bentley:
747 2246 883 2285 phoebo
900 2246 989 2278 codd.
1081 2246 1266 2278 ditantibus
1282 2246 1363 2278 istas
1380 2245 1423 2277 M
1536 2257 1600 2286 402
1623 2247 1692 2278 sint
1711 2246 1761 2278 G:

299 2294 377 2321 sunt
395 2289 469 2319 LM
576 2289 707 2321 contria
723 2289 765 2321 M
920 2300 983 2330 405
1008 2290 1150 2330 diesque
1169 2290 1219 2321 G:
1243 2291 1384 2330 diesque
1401 2295 1452 2321 est
1470 2290 1543 2322 LM
1696 2292 1761 2330 408

301 2334 389 2364 cadit
407 2332 481 2363 GL²
496 2345 503 2364 :
526 2334 622 2364 cadet
638 2332 728 2364 L¹M
807 2333 1038 2374 Arquitenens
1053 2334 1114 2366 M:
1137 2333 1314 2373 arci(arce-
1333 2333 1518 2375 L¹)tenens
1537 2333 1595 2366 GL
1688 2334 1760 2365 orbi

301 2377 453 2415 Bentley:
477 2377 560 2408 orbe
575 2376 664 2408 codd.
770 2388 835 2417 409
859 2388 956 2409 cursu
977 2377 1019 2408 L1
1131 2388 1195 2417 410
1217 2378 1382 2409 aduersus
1399 2378 1442 2408 M
1545 2388 1609 2417 412
1633 2388 1760 2417 genere

300 2420 395 2451 editzo
410 2420 631 2452 Bononiensis
645 2432 652 2452 :
677 2431 803 2460 genera
820 2421 909 2454 codd.
1026 2432 1091 2461 413
1115 2421 1262 2452 mascula
1279 2421 1321 2451 M
1333 2425 1361 2452 et
1375 2426 1452 2453 ante
1467 2432 1531 2453 ras.
1552 2422 1580 2453 L
1597 2433 1604 2453 :
1627 2431 1760 2453 masena

301 2465 350 2504 (in
368 2474 432 2495 νας.
450 2475 457 2495 :
482 2465 490 2495 i
507 2469 579 2505 sup.
596 2475 616 2495 a
628 2466 728 2505 prior.
747 2464 827 2505 scr.)
844 2465 872 2495 L
887 2477 894 2495 τ
920 2466 1046 2497 miscua
1065 2465 1094 2496 G
1183 2475 1315 2496 suorum
1334 2470 1385 2497 est
1401 2465 1490 2498 codd.
1609 2476 1673 2505 414
1695 2466 1759 2496 uir-

301 2508 398 2547 gines
415 2507 458 2538 L1
591 2519 654 2548 417
683 2513 847 2548 repugnat
865 2509 906 2540 M
1043 2509 1107 2548 418
1131 2508 1273 2540 feminea
1291 2508 1335 2539 L²
1352 2509 1427 2541 Ven.
1562 2510 1689 2548 418—21
1714 2510 1768 2540 ita>

299 2553 494 2591 interpunxi
658 2563 723 2592 419
748 2553 822 2584 huic
840 2553 883 2584 M
1046 2564 1110 2593 420
1133 2553 1307 2592 undusque
1323 2553 1366 2584 M
1465 2552 1592 2584 solibus
1607 2552 1759 2593 Bentley:

301 2595 443 2626 collibus
459 2594 548 2627 codd.
661 2607 721 2635 421
749 2598 964 2636 aestiuosque
981 2596 1268 2637 Regzbmonlanus
1282 2609 1289 2627 z
1313 2597 1509 2636 aestiuoque
1526 2596 1613 2628 codd.
1706 2607 1759 2628 ae-

302 2644 379 2679 quat
395 2638 469 2670 dett.
485 2651 492 2670 :
516 2645 659 2679 aequant
675 2640 763 2671 codd.
908 2652 971 2680 422
995 2650 1104 2672 annus
1121 2641 1154 2670 in
1172 2640 1265 2671 nulla
1281 2640 1417 2672 editione
1433 2644 1508 2671 ante
1525 2639 1682 2681 Scalz'geri
1690 2641 1760 2681 pri-

302 2693 397 2713 mam
413 2683 547 2713 inueni:
571 2693 694 2714 annum
713 2684 801 2715 codd.
964 2694 1027 2724 423
1053 2695 1095 2715 ne
1112 2684 1140 2714 L
1156 2695 1163 2714 :
1189 2694 1253 2714 neu
1271 2684 1330 2715 M:
1356 2694 1418 2715 nec
1437 2684 1466 2715 G
1562 2684 1685 2715 mirere
1700 2683 1767 2733 Mae'

303 2727 468 2757 miserere
487 2726 516 2757 G
531 2730 559 2757 et
574 2738 607 2757 ιη
623 2728 747 2758 mirere
764 2739 842 2760 corr.
863 2728 891 2758 L
1035 2739 1097 2767 424
1122 2728 1163 2758 ad
1181 2728 1221 2758 M
1361 2738 1487 2768 425—31
1514 2728 1559 2759 ita
1575 2728 1761 2768 interpunm

305 2780 369 2809 425
393 2775 448 2801 aut
465 2775 497 2800 et
514 2781 615 2801 umno
633 2771 674 2801 M
821 2774 885 2811 426
907 2772 1068 2803 fructibus
1087 2771 1136 2802 G:
1159 2772 1313 2803 fluctibus
1330 2771 1402 2802 LM
1486 2771 1605 2812 imples
1622 2771 1764 2811 (uolebat

305 2813 465 2855 implens)
489 2814 563 2846 Ven.
717 2825 779 2854 427
805 2826 866 2855 par
887 2816 961 2846 Ven.
981 2827 987 2846 :
1012 2821 1125 2855 parest
1143 2815 1183 2845 M
1269 2817 1419 2855 aequatis
1436 2815 1506 2847 dett.
1523 2828 1529 2846 z
1556 2816 1684 2854 xquatis
1702 2814 1761 2845 M:

1007 2873 1060 2913 26
