1934 3220
336 130 571 172 MANILI
630 171 633 172 γ

337 244 495 286 idcirco
527 246 676 287 affines
710 247 883 301 signant
916 247 1213 301 gradibusque
1247 249 1498 303 propinquis
1723 258 1784 299 671

335 303 544 344 accedunt
579 317 749 357 unaque
783 311 934 346 tenent
968 305 1049 345 sub
1084 305 1273 358 imagine
1306 313 1445 348 natos.
1724 318 1787 356 672

336 359 570 413 [quotquot
604 361 852 403 cardinibus
876 362 1077 415 †proprie
1109 363 1305 404 uariante
1334 365 1593 418 mouentur]
1724 374 1789 413 683

334 432 447 470 quae
481 432 749 472 quamquam
788 420 828 459 in
865 427 1010 472 partes
1043 420 1170 461 diuisi
1204 428 1413 473 quattuor
1446 423 1562 464 orbis
1724 432 1789 472 684

332 475 474 516 sidera
508 478 723 529 quadrata
757 477 959 526 efficiunt,
993 491 1080 518 non
1116 478 1210 532 lege
1243 480 1445 532 quadrati
1724 489 1786 527 685

334 539 586 573 censentur:
635 535 775 575 minor
808 541 873 575 est
907 535 1089 585 numeri,
1121 550 1251 589 quam
1287 537 1469 577 cardinis
1505 551 1619 578 usus.
1725 545 1788 577 686

333 591 393 631 sic
426 604 729 644 quaecumque
767 599 944 633 manent
978 594 1193 645 quadrato
1227 595 1405 635 condita
1439 595 1605 649 templo
1724 603 1787 634 668

332 648 466 700 signa,
500 662 648 701 parem
685 649 873 691 referunt
907 651 1096 691 numeris
1130 657 1205 692 aut
1239 658 1437 705 tempore
1471 659 1647 695 sortem.
1723 660 1787 702 669

332 705 502 758 longior
535 707 575 746 in
609 708 800 760 spatium
837 715 1035 762 porrecta
1069 715 1135 750 est
1169 709 1279 750 linea
1314 710 1464 759 maius,
1722 718 1787 759 673

332 776 444 815 quae
477 764 614 805 tribus
650 766 837 807 emensis
872 766 1006 818 signis
1040 767 1139 807 facit
1173 774 1290 808 astra
1323 768 1503 821 trigona.
1721 776 1786 817 674

332 820 439 862 hacc
471 823 526 862 ad
562 823 774 864 amicitias
810 824 1020 864 imitantis
1054 825 1146 865 iura
1181 826 1452 878 gradumque
1723 834 1788 874 675

331 879 552 931 sanguinis
587 886 717 933 atque
751 882 906 922 animis
940 882 1162 923 haerentia
1198 889 1375 936 pectora
1408 884 1587 925 ducunt.
1722 891 1788 931 676

331 942 466 989 utque
500 937 594 990 ipsa
628 952 686 979 ex
721 938 852 993 longo
886 946 1045 980 coeunt
1079 948 1301 982 summota
1338 954 1520 991 recessu,
1723 951 1786 989 677

331 995 393 1034 sic
429 1008 507 1035 nos
541 996 810 1050 coniungunt
845 997 1082 1038 maioribus
1117 998 1362 1040 interuallis.
1722 1007 1786 1047 678

330 1052 439 1093 haec
475 1053 652 1095 meliora
689 1061 857 1107 putant,
892 1062 1060 1096 mentes
1094 1069 1205 1108 quae
1240 1056 1419 1109 iungere
1449 1064 1645 1109 possunt,
1721 1065 1785 1107 679

329 1123 460 1162 quam
484 1125 596 1164 quae
618 1126 703 1153 non
727 1126 966 1166 numquam
990 1113 1142 1154 foedus
1163 1115 1246 1155 sub
1268 1115 1477 1168 sanguine
1500 1114 1666 1157 fallunt.
1719 1123 1787 1155 680

330 1168 533 1220 proxima
569 1170 719 1211 uicinis
753 1170 1043 1221 subscribunt,
1075 1172 1203 1212 tertia
1235 1185 1435 1225 quaeque
1723 1182 1784 1213 681

329 1225 583 1279 hospitibus.
645 1228 705 1269 sic
737 1236 952 1270 astrorum
987 1229 1232 1270 seruabitur
1266 1230 1386 1271 ordo.
1722 1239 1784 1271 682

385 1285 498 1325 adde
537 1299 636 1326 suas
669 1293 814 1339 partes
847 1287 994 1339 signis,
1026 1301 1103 1327 sua
1137 1288 1333 1340 partibus
1367 1294 1494 1328 astra.
1720 1297 1784 1337 687

330 1354 428 1382 nam
465 1342 570 1382 nihil
606 1344 647 1383 in
682 1350 825 1386 totum
861 1345 992 1385 seruit
1027 1345 1129 1386 sibi:
1175 1346 1315 1386 mixta
1350 1345 1555 1398 feruntur,

329 1398 434 1452 ipsis
468 1401 573 1441 dant
607 1401 715 1442 fines
749 1404 875 1443 astris
908 1403 1178 1456 capiuntque
1211 1403 1415 1444 uicissim.

328 1470 441 1509 quae
477 1459 580 1499 mihi
618 1473 723 1500 mox
755 1467 872 1501 certo
907 1461 1076 1514 digesta
1111 1461 1192 1501 sub
1225 1462 1374 1502 ordine
1407 1468 1597 1515 surgent.
1719 1471 1785 1513 690

328 1515 532 1556 omnibus
566 1530 622 1556 ex
658 1517 747 1558 istis
782 1519 894 1559 ratio
929 1525 994 1559 est
1028 1519 1265 1572 repetenda
1300 1533 1375 1572 per
1408 1526 1558 1570 artem,

329 1581 485 1624 pacata
518 1574 684 1616 infestis
721 1576 844 1629 signa
879 1582 926 1617 ut
961 1577 1183 1618 dinoscere
1218 1578 1369 1630 possis

328 1632 522 1685 perspice
558 1646 669 1674 nunc
703 1640 878 1675 tenuem
908 1634 1001 1675 uisu
1038 1648 1142 1682 rem,
1178 1636 1369 1688 pondere
1405 1649 1609 1689 magnam

327 1694 370 1728 et
405 1696 574 1730 tantum
613 1691 744 1733 Graio
777 1692 932 1744 signari
970 1694 1145 1734 nomine
1178 1706 1366 1745 passam,

328 1747 680 1789 dodecatemoria
714 1750 754 1789 in
789 1750 918 1791 titulo
951 1750 1170 1804 signantia
1201 1765 1364 1792 causas.
1716 1764 1782 1804 695

326 1817 426 1844 nam
461 1819 558 1846 cum
593 1807 779 1848 tricenas
814 1822 889 1862 per
922 1814 1066 1862 partes
1102 1809 1244 1849 sidera
1277 1816 1485 1860 constent,

326 1876 471 1903 rursus
506 1864 571 1904 bis
603 1865 715 1905 senis
749 1879 952 1906 numerus
987 1866 1206 1908 diducitur
1239 1867 1391 1908 omnis.

325 1919 419 1972 ipsa
454 1921 586 1974 igitur
620 1922 730 1963 ratio
768 1923 893 1964 binas
926 1924 965 1964 in
1001 1924 1196 1978 partibus
1228 1939 1321 1966 esse

325 1978 616 2033 dimidiasque
651 1981 777 2022 docet
816 1988 975 2035 partes.
1035 1981 1099 2023 his
1134 1982 1290 2023 finibus
1324 1996 1417 2024 esse

326 2036 727 2079 dodecatemorium
764 2046 949 2088 constat,
983 2040 1048 2080 bis
1081 2054 1274 2093 senaque
1308 2048 1465 2082 cuncta
1718 2056 1784 2090 700

324 2095 526 2135 omnibus
560 2096 602 2136 in
637 2097 780 2150 signis,
815 2111 927 2151 quae
961 2098 1109 2139 mundi
1144 2099 1344 2139 conditor
1380 2098 1450 2139 ille

368 2233 475 2272 668-9
494 2237 570 2274 post
583 2235 649 2265 686
665 2234 816 2266 collocant¹
964 2237 1025 2274 671
1053 2236 1169 2267 affines
1184 2236 1257 2267 GL2
1269 2236 1344 2268 Ven.
1362 2248 1368 2267 z
1392 2237 1522 2267 adfines
1537 2235 1625 2267 L¹M
1710 2246 1783 2275 gra-

325 2277 491 2315 dibusque
508 2277 674 2318 Scalzger:
699 2279 925 2318 grauibusque
943 2279 1032 2310 codd.
1204 2284 1280 2320 post
1294 2283 1357 2318 672
1383 2281 1547 2311 collocavit
1555 2280 1658 2318 Jacob
1674 2281 1784 2318 683-6

324 2321 388 2359 683
413 2326 573 2360 quotquot
592 2321 665 2352 GL²
681 2333 686 2352 :
711 2324 799 2362 quod
816 2324 907 2362 quod
926 2323 1011 2353 L¹M
1063 2334 1196 2354 uersum
1213 2335 1287 2354 cum
1303 2324 1446 2354 Breitero
1461 2324 1577 2355 seclusi
1660 2325 1724 2362 684
1749 2324 1781 2353 in

324 2368 438 2402 partes
458 2364 530 2394 GL2
547 2376 553 2395 :
578 2365 610 2395 in
628 2366 736 2405 partis
754 2366 796 2395 L1
816 2378 823 2397 ε
848 2367 1007 2406 inpartib;
1026 2367 1066 2397 M
1259 2368 1356 2398 diuisi
1374 2367 1538 2408 Scaliger:
1564 2367 1674 2397 diuisit
1692 2366 1778 2398 codd.

324 2408 387 2437 668
412 2409 574 2446 quadrata
593 2433 599 2439 .
620 2433 625 2439 .
647 2433 652 2439 .
672 2410 798 2449 templa
815 2410 857 2439 M
993 2412 1056 2449 674
1083 2410 1208 2440 mensis
1225 2411 1267 2441 M
1403 2413 1466 2449 675
1492 2415 1661 2441 mutantes
1678 2411 1721 2441 M
1734 2410 1782 2451 (5³)

325 2452 387 2489 677
412 2456 511 2490 atque
529 2452 570 2481 M
585 2451 661 2483 Ven.
725 2453 787 2483 sub
805 2459 894 2484 mota
911 2452 985 2483 LM
1080 2455 1144 2492 678
1168 2454 1216 2485 sic
1233 2454 1309 2494 nos]
1329 2454 1451 2494 dignos
1473 2454 1548 2485 Ven.
1647 2456 1713 2493 689
1737 2464 1779 2484 ex

324 2494 406 2533 ipsis
425 2494 483 2524 M:
509 2494 621 2536 Isspsis
641 2496 730 2537 (cum
749 2497 829 2537 ras.)
849 2497 876 2526 L
1006 2498 1071 2536 690
1095 2508 1172 2528 mox
1191 2502 1284 2528 certo
1302 2508 1366 2528 om.
1387 2499 1428 2528 M
1556 2499 1618 2537 691
1644 2498 1779 2528 racione

324 2538 510 2576 repetenda
528 2539 569 2568 M
689 2541 752 2579 692
778 2545 896 2579 pacata
913 2541 1045 2571 infestis
1064 2540 1092 2571 G
1107 2552 1113 2572 :
1139 2546 1289 2579 pacatam
1307 2542 1440 2572 infectis
1457 2541 1485 2571 L
1503 2541 1579 2572 Ven.
1595 2553 1601 2572 ε
1628 2546 1778 2581 pacatam

322 2580 471 2611 inserens
489 2581 530 2611 M
594 2583 795 2622 dignoscere
813 2585 1006 2623 (dinoscere
1024 2583 1112 2624 dedi)
1130 2584 1277 2621 Bentley:
1305 2585 1500 2624 perdiscere
1517 2584 1605 2615 codd.
1669 2584 1780 2624 possis

324 2624 371 2655 G:
396 2625 508 2664 poscis
527 2625 598 2656 LM
697 2628 761 2666 693
785 2631 860 2658 ante
876 2628 962 2657 lzunc
977 2638 1008 2658 n.
1029 2628 1153 2658 lemma
1170 2629 1202 2658 in
1220 2627 1248 2657 L
1267 2639 1373 2669 marg.
1394 2633 1423 2659 et
1440 2629 1481 2659 M
1493 2629 1535 2659 de
1552 2629 1779 2659 duodecathe-

322 2668 437 2698 moriis
452 2668 630 2708 (duodecat
644 2680 685 2700 ne
700 2671 814 2701 moriis
828 2671 884 2709 M)
900 2682 964 2710 que
978 2671 1045 2701 sint
1059 2676 1091 2701 et
1105 2682 1185 2710 quas
1197 2671 1284 2702 uires
1297 2673 1423 2703 habent
1438 2683 1445 2703 :
1469 2672 1618 2712 spatium
1630 2671 1778 2702 duorum

322 2721 483 2742 uersuum
500 2712 631 2751 reliquit
645 2713 673 2742 L
866 2716 931 2754 694
955 2715 1091 2754 signare
1108 2715 1150 2744 L¹
1289 2725 1421 2754 passam
1442 2716 1470 2747 G
1485 2728 1491 2747 :
1516 2725 1651 2755 passum
1669 2715 1777 2746 L¹M2

321 2765 458 2794 possum
480 2756 557 2787 Ven.
573 2767 578 2785 :
603 2757 726 2795 passim
745 2756 789 2787 L2
896 2760 960 2797 695
985 2759 1173 2789 duodecate
1192 2759 1295 2789 moria
1314 2759 1356 2790 G:
1382 2761 1448 2791 duo
1466 2760 1581 2790 decate
1600 2759 1705 2790 moria
1721 2759 1777 2789 M:

320 2799 386 2830 duo
403 2799 654 2830 decathemoria
672 2800 700 2830 L
750 2801 846 2831 titulo
864 2801 1025 2842 Scaltgcr:
1050 2801 1167 2833 titulos
1183 2802 1272 2833 codd.
1362 2805 1429 2844 696
1453 2807 1566 2843 partes
1583 2802 1646 2834 L2:
1672 2803 1777 2842 partis

1023 2869 1076 2906 42
