1934 3220
281 130 515 171 MANILI

338 245 443 298 quin
474 245 605 286 etiam
639 245 819 299 propriis
853 246 964 285 inter
996 258 1041 285 se
1074 244 1242 298 legibus
1273 252 1392 286 astra

284 303 561 352 conueniunt,
593 311 638 344 ut
671 309 787 344 certa
819 308 971 355 gerant
1003 303 1263 343 commercia
1296 316 1464 353 rerum;

282 361 411 414 inque
445 362 584 402 uicem
617 368 839 415 praestant
870 360 987 401 uisus
1019 367 1149 413 atquc
1181 360 1356 401 auribus
1387 361 1579 410 haerent,

280 426 355 460 aut
386 419 536 460 odium
569 419 775 459 foedusue
806 423 975 472 gerunt,
1007 431 1303 471 conuersaque
1335 419 1552 472 quaedam

281 477 324 517 in
355 483 493 517 semet
526 477 702 530 proprio
734 477 954 517 ducuntur
985 475 1114 528 plena
1146 475 1308 516 fauore.
1677 492 1745 527 470

282 534 442 576 idcirco
475 534 669 574 aduersis
703 547 1034 586 nonnumquam
1066 534 1206 586 gratia
1237 533 1383 588 signis,

282 598 325 632 et
357 591 518 632 bellum
552 592 718 633 sociata
749 599 918 645 gerunt,
952 591 1181 644 alienaque
1213 593 1316 633 sede

282 650 392 690 inter
424 663 469 689 se
501 657 713 703 generant
745 650 1000 690 coniunctos
1033 662 1162 690 omne
1195 663 1270 702 per
1301 662 1473 698 aeuum,

281 714 326 749 at
359 707 579 760 triquetris
611 708 693 749 orti
726 714 925 761 pugnant
957 707 1215 760 fugiuntque
1249 707 1466 748 uicissim:

280 766 396 819 quod
430 765 550 812 deus,
584 766 625 805 in
659 765 775 819 leges
808 766 1019 806 mundum
1052 778 1151 805 cum
1183 766 1388 806 conderet
1419 779 1606 817 omnem,
1680 783 1745 818 475

281 823 463 863 affectus
493 836 667 876 quoque
699 823 848 864 diuisit
881 823 1151 864 uariantibus
1183 824 1310 864 astris

282 888 414 934 atque
445 880 628 922 aliorum
661 882 822 932 oculos,
853 881 1039 922 aliorum
1073 881 1258 923 contulit
1290 894 1426 930 aures,

284 939 427 980 iunxit
457 938 672 980 amicitias
703 939 860 980 horum
891 939 973 980 sub
1004 939 1178 980 foedere
1209 946 1342 990 certo,

283 1010 457 1038 cernere
490 1003 536 1038 ut
568 998 678 1038 inter
709 1010 754 1037 se
787 1004 966 1050 possent
998 997 1236 1050 audireque
1268 998 1498 1050 quaedam,

284 1054 515 1109 diligerent
547 1055 630 1096 alia
662 1060 705 1096 et
738 1069 878 1097 noxas
909 1054 1161 1108 bellumque
1194 1061 1428 1106 mouerent,
1681 1064 1747 1104 480

283 1113 349 1154 his
380 1113 514 1154 etiam
548 1113 751 1167 propriae
782 1113 895 1154 foret
925 1113 1196 1166 indulgentia
1227 1114 1365 1163 sortis,

283 1177 330 1212 ut
362 1185 408 1213 se
440 1169 667 1224 diligerent
698 1184 871 1225 semper
900 1171 1069 1224 sibique
1099 1171 1192 1224 ipsa
1224 1170 1467 1224 placerent:

285 1229 344 1269 sic
378 1236 424 1270 ut
457 1236 634 1270 naturas
666 1229 896 1270 hominum
928 1228 1158 1282 plerasque
1190 1229 1403 1279 uidemus,

283 1287 356 1339 qui
389 1300 526 1340 genus
556 1301 613 1328 ex
645 1287 780 1341 signis
811 1288 976 1328 ducunt
1008 1286 1296 1328 formantibus
1327 1294 1459 1328 ortus.

285 1345 511 1386 consilium
535 1345 627 1397 ipse
648 1358 774 1386 suum
799 1351 864 1386 est
883 1344 1024 1395 Aries,
1051 1351 1098 1385 ut
1121 1345 1316 1399 principe
1336 1345 1517 1398 dignum
1539 1350 1632 1396 est;
1683 1353 1746 1395 485

285 1403 407 1444 audit
438 1416 484 1444 se
518 1403 786 1456 Libramque
819 1403 951 1456 uidet,
983 1404 1213 1444 frustratur
1244 1404 1438 1444 amando

286 1460 493 1511 Taurum,
527 1461 746 1514 Lanigero
778 1462 852 1514 qui
886 1461 1082 1502 fraudem
1114 1461 1249 1502 nectit
1280 1467 1324 1502 et
1356 1460 1468 1502 ultra

288 1518 491 1571 fulgentis
524 1518 648 1560 uidet
679 1526 813 1572 atque
844 1519 966 1560 audit
997 1533 1075 1572 per
1105 1519 1246 1560 sidera
1279 1518 1448 1569 Pisces;

284 1576 463 1630 Virgine
495 1590 617 1619 mens
649 1578 841 1631 capitur;
882 1577 941 1618 sic
973 1578 1195 1631 quondam
1228 1584 1410 1619 uexerat
1441 1583 1542 1617 ante

288 1635 512 1688 Europam
545 1636 674 1676 dorso
707 1636 963 1676 retinentem
995 1649 1156 1676 cornua
1188 1635 1314 1676 laeua
1683 1653 1751 1685 490

288 1693 551 1746 indutusque
587 1694 681 1733 Ioui
720 1692 860 1746 (est).
895 1693 1181 1734 Geminorum
1214 1693 1388 1734 ducitur
1419 1693 1534 1734 auris

287 1751 343 1791 ad
377 1751 586 1792 quenem
618 1757 818 1793 aeternas
851 1752 1107 1792 fundentem
1142 1751 1339 1792 Piscibus
1372 1751 1514 1793 undas

289 1810 420 1862 inque
453 1810 570 1862 ipsos
601 1810 772 1850 animus
806 1809 952 1850 Pisces
985 1809 1186 1862 oculique
1221 1809 1429 1850 Leonem.

290 1866 458 1908 Cancer
489 1874 532 1908 et
564 1869 749 1908 aduerso
784 1867 1074 1920 Capricornus
1107 1867 1310 1908 conditus
1342 1873 1461 1909 astro

290 1926 330 1965 in
362 1932 501 1966 semet
533 1931 709 1966 uertunt
740 1925 901 1976 oculos,
934 1926 976 1965 in
1011 1932 1161 1966 mutua
1193 1926 1379 1966 tendunt
1687 1941 1750 1974 495

289 1983 478 2033 auribus,
510 1989 552 2023 et
585 1982 738 2024 Cancri
772 1989 975 2037 captatur
1006 1983 1229 2036 Aquarius
1261 1989 1392 2024 astro.

289 2046 335 2082 at
367 2041 460 2082 Leo
493 2054 590 2082 cum
625 2040 824 2082 Geminis
856 2041 994 2082 aciem
1026 2041 1251 2094 coniungit
1282 2048 1326 2082 et
1357 2053 1504 2081 aurem

292 2098 512 2140 Centauro
544 2099 731 2152 gemino,
766 2098 1016 2153 Capricorni
1049 2099 1192 2153 diligit
1223 2105 1403 2140 astrum.

294 2156 488 2210 Erigone
520 2156 715 2198 Taurum
748 2163 928 2210 spectat,
962 2158 1037 2198 sed
1072 2156 1287 2212 Scorpion
1321 2157 1446 2198 audit

336 2276 400 2313 466
424 2278 499 2305 ante
514 2274 602 2305 lzunc
617 2285 649 2306 u.
665 2274 788 2305 lemma
805 2274 839 2304 in
853 2272 882 2304 L
898 2284 1007 2315 marg.
1023 2278 1053 2305 et
1064 2275 1286 2314 Msignorum
1304 2275 1500 2306 commertia
1516 2274 1647 2305 auditus
1664 2274 1756 2305 uisus

293 2329 402 2349 mores
420 2318 499 2359 (lege
514 2318 663 2358 amores)
681 2319 759 2348 odia
774 2329 781 2348 z
803 2318 837 2348 in
853 2318 881 2348 G
894 2318 1069 2356 signorum
1085 2319 1279 2350 commertia
1367 2320 1432 2358 469
1453 2318 1570 2349 foedus
1588 2328 1630 2348 ue
1648 2321 1705 2358 ger
1718 2317 1759 2348 M

295 2372 354 2400 471
382 2362 506 2392 iccirco
526 2361 564 2402 G,
581 2365 616 2391 ut
630 2367 722 2402 saepe
737 2372 744 2391 :
768 2361 801 2391 id
818 2362 905 2392 circo
922 2361 965 2392 M
1050 2372 1288 2402 nonnunquam
1307 2362 1356 2393 G:
1381 2367 1472 2393 nonu
1489 2372 1586 2401 quam
1604 2362 1663 2392 M:
1688 2372 1755 2392 non

294 2415 446 2444 umquam
466 2405 493 2435 L
583 2414 646 2444 473
670 2416 707 2436 se
725 2404 807 2435 ML¹
824 2416 831 2435 ε
855 2415 931 2436 sese
951 2405 1024 2435 GL2
1085 2410 1248 2445 generant
1266 2405 1316 2436 G:
1340 2411 1461 2445 gerant
1477 2405 1551 2435 LM
1636 2415 1699 2444 474
1723 2410 1757 2435 at

295 2450 467 2488 triquetris
495 2448 557 2479 orti
582 2448 714 2489 scripsi:
748 2459 767 2479 a
791 2449 1026 2488 triquetrisque
1050 2449 1114 2480 orti
1142 2450 1212 2480 iam
1236 2450 1442 2480 Housman:
1474 2449 1604 2488 utrique
1629 2448 1758 2480 trisorti

295 2492 377 2522 ML¹
397 2494 461 2533 tw:
490 2492 618 2531 utrique
641 2492 725 2523 sorti
749 2492 822 2523 GL2
912 2494 976 2531 476
999 2493 1042 2522 ad
1060 2493 1167 2524 fectus
1184 2493 1245 2523 M:
1270 2493 1402 2524 dfectus
1419 2493 1447 2522 L
1538 2503 1667 2532 quoque
1684 2492 1759 2523 dius

297 2536 397 2575 (linea
409 2541 471 2576 per
485 2536 557 2566 dius
575 2535 686 2574 ducta)
701 2535 743 2566 M
806 2540 897 2566 astra
914 2536 957 2565 L1
1047 2546 1109 2575 477
1127 2537 1200 2567 ocul
1220 2540 1299 2576 (ras.
1316 2537 1351 2567 in
1359 2537 1433 2576 fine
1449 2547 1455 2566 :
1478 2541 1640 2576 suprascr.
1659 2537 1710 2577 os)
1728 2536 1757 2566 L

295 2589 358 2619 479
383 2584 525 2619 possent
542 2579 592 2610 G:
617 2580 748 2619 possint
766 2579 839 2609 LM
888 2581 952 2618 483
977 2579 1167 2621 hominum]
1186 2590 1295 2611 rerum
1315 2579 1394 2612 Ven.
1452 2580 1517 2618 486
1540 2589 1576 2611 se
1593 2579 1757 2621 Scaliger:

295 2624 323 2653 si
340 2622 429 2654 codd.
445 2634 452 2653 ε
480 2623 709 2663 (silibramque
724 2623 823 2661 L¹M>
893 2625 954 2662 487
982 2623 1087 2654 nectit
1104 2634 1168 2654 om.
1188 2623 1264 2656 add.
1285 2634 1394 2665 marg.
1413 2634 1467 2654 rec.
1485 2634 1577 2655 man.
1599 2623 1628 2654 G
1694 2632 1755 2664 491

296 2666 496 2706 indutusque
513 2666 724 2705 geminorum
744 2667 814 2697 Ioui
832 2666 874 2696 Ll
943 2672 995 2697 est
1012 2666 1087 2697 add.
1105 2667 1237 2707 Bentley
1295 2677 1394 2698 aures
1410 2667 1453 2697 L2
1542 2677 1605 2707 493
1627 2666 1759 2698 animus

295 2710 461 2751 Scaliger:
491 2710 637 2740 animum
655 2710 743 2742 codd.
760 2721 767 2740 :
791 2710 866 2750 ipso
883 2710 1048 2741 §animum
1064 2710 1106 2741 M
1233 2721 1296 2750 494
1319 2711 1474 2742 conditus
1489 2710 1652 2751 Scaliger:
1680 2720 1758 2741 con-

296 2753 388 2785 ditur
399 2753 472 2784 GL²
487 2764 494 2783 :
511 2754 669 2784 conditor
680 2753 725 2784 Ll
740 2764 746 2784 :
764 2754 899 2784 condito
914 2759 1022 2785 rastro
1035 2754 1077 2784 M
1147 2763 1210 2793 495
1228 2758 1364 2786 uertunt
1379 2754 1408 2785 G
1421 2765 1428 2785 :
1446 2755 1588 2785 uertitur
1599 2754 1759 2794 (insemet

298 2797 440 2828 uertitur
452 2797 557 2837 signis
570 2801 733 2838 transpos.
746 2796 822 2829 add.
838 2796 883 2837 L)
896 2796 968 2828 LM
1039 2797 1156 2828 oculos
1170 2797 1302 2838 Bentley
1316 2809 1322 2828 :
1347 2797 1452 2830 oculis
1466 2797 1537 2828 LM
1549 2808 1556 2829 τ
1579 2796 1758 2837 oculusque

1003 2864 1058 2906 30
