1934 3220
280 120 515 162 MANILI

279 243 323 275 et
355 234 420 275 fas
451 239 583 287 atque
618 234 738 276 nefas
772 234 975 285 mixtum,
1007 234 1209 300 legesque
1241 249 1325 301 per
1349 235 1463 288 ipsas

279 292 418 333 saeuit
451 291 696 346 nequities;
735 306 899 346 poenas
932 292 1018 333 iam
1051 293 1183 333 noxia
1216 293 1359 333 uincit.

279 350 441 391 scilicet
473 350 514 390 in
549 349 698 391 multis
730 349 933 404 quoniam
967 350 1184 391 discordia
1215 351 1348 403 signis

278 421 461 461 corpora
494 414 742 456 nascuntur,
773 421 863 460 pax
895 414 960 448 est
991 407 1164 449 sublata
1195 421 1271 462 per
1301 408 1465 459 orbem,

278 471 323 506 et
356 465 454 507 fidei
490 477 636 505 rarum
671 465 824 506 foedus
859 465 1096 519 paucisque
1130 465 1368 515 tributum;
1674 473 1738 513 605

281 529 419 576 utque
451 523 531 563 sibi
564 522 749 573 caelum,
779 523 839 562 sic
870 521 998 563 tellus
1030 523 1210 564 dissidet
1242 523 1350 576 ipsa,

280 587 418 634 atque
450 580 678 620 hominum
710 587 862 633 gentes
894 580 1069 622 inimica
1099 587 1215 622 sorte
1246 582 1451 622 feruntur.

341 639 377 678 si
408 644 558 679 tamen
589 644 633 679 et
665 644 854 691 cognata
886 639 1007 692 cupis
1039 639 1266 680 dinoscere
1296 639 1434 693 signa,

285 709 398 748 quae
432 696 614 750 iungant
646 696 817 737 animos
849 703 893 737 et
924 697 1064 738 amica
1095 704 1213 737 sorte
1246 696 1453 746 ferantur,

286 753 491 807 Lanigeri
522 760 674 806 partus
707 767 804 795 cum
838 760 934 796 toto
965 755 1094 808 iunge
1127 755 1312 808 trigono.
1675 760 1742 794 610

284 811 523 864 simplicior
554 818 703 852 tamen
736 818 801 853 est
834 812 961 852 Aries
994 812 1234 866 meliusque
1265 812 1415 854 Leone

285 869 562 922 prosequitur
593 870 765 922 genitos
798 876 840 910 et
873 875 928 922 te,
962 870 1190 920 Centaure,
1221 877 1403 922 creatos,

285 940 416 979 quam
450 927 618 968 colitur.
682 941 870 980 namque
903 935 968 970 est
1000 935 1154 969 natura
1187 929 1331 970 mitius
1363 934 1525 969 astrum

283 985 627 1037 expositumque
659 998 763 1025 suae
796 999 949 1035 noxae,
980 999 1057 1026 nec
1091 986 1313 1027 fraudibus
1343 986 1455 1036 ullis,

275 1055 363 1084 -nec
396 1043 539 1083 minus
572 1043 745 1096 ingenio
779 1043 898 1084 molli
930 1058 1063 1097 quam
1096 1058 1278 1098 corpore
1309 1051 1525 1085 constans.
1679 1051 1742 1092 615

284 1100 367 1141 illis
401 1107 466 1141 est
499 1100 646 1141 feritas
676 1101 812 1156 signis
844 1102 1118 1155 praedaeque
1149 1102 1321 1156 cupido,

285 1157 538 1211 uenalisque
571 1159 740 1199 animus
772 1173 859 1200 non
893 1173 1132 1212 numquam
1163 1161 1376 1201 excedere
1409 1159 1524 1213 cogit

284 1216 599 1258 commoditate
631 1215 779 1267 fidem,
811 1230 888 1258 nec
921 1217 1052 1271 longa
1083 1225 1149 1259 est
1180 1218 1319 1271 gratia
1352 1218 1465 1265 facti,

284 1281 415 1328 atque
449 1274 491 1314 in
526 1274 731 1328 Lanigeri
765 1281 916 1330 partus
946 1277 1026 1316 sub
1060 1282 1244 1329 utroque
1275 1282 1445 1317 creatus

286 1345 373 1374 non
406 1332 544 1386 parcit
575 1334 651 1374 sed
686 1346 781 1374 rara
812 1334 923 1387 gelit
955 1347 1034 1387 pro
1066 1340 1271 1400 tempore·
1296 1333 1433 1375 bella:
1680 1340 1746 1372 6κο

285 1390 407 1443 quod
441 1388 587 1431 feritas
620 1392 845 1443 utriusque
878 1392 1018 1445 magis
1050 1405 1182 1445 quam
1217 1392 1367 1432 iniuria
1398 1391 1530 1444 cogit.

286 1448 383 1501 plus
416 1453 564 1488 tamen
596 1449 638 1488 in
671 1449 834 1503 duplici
868 1451 1185 1491 numerandum
1218 1457 1282 1491 est
1314 1449 1482 1491 roboris
1513 1462 1619 1496 esse,

285 1506 387 1559 quoi
420 1506 688 1547 commixtus
720 1507 854 1548 homo
889 1514 965 1556 est,
1000 1521 1131 1561 quam
1163 1515 1220 1559 te,
1252 1508 1486 1558 Nemeaee‚
1519 1507 1599 1548 sub
1629 1519 1727 1547 uno.

287 1563 444 1604 idcirco
477 1571 519 1604 et
552 1578 643 1617 pax
675 1571 740 1606 est
771 1565 904 1618 signis
936 1573 980 1607 et
1013 1567 1153 1607 mixta
1184 1566 1388 1619 querella.

286 1622 390 1675 quin
422 1621 556 1662 etiam
590 1622 724 1663 Tauri
759 1623 1025 1676 Capricorno
1058 1624 1252 1677 iungitur
1283 1631 1460 1672 astrum,
1683 1632 1746 1670 625

288 1693 365 1720 nec
399 1679 536 1733 magis
570 1680 742 1722 illorum
776 1688 936 1723 coeunt
967 1682 1022 1722 ad
1057 1681 1232 1723 foedera
1265 1690 1443 1723 mentes.

291 1737 511 1790 uirgineos
543 1738 676 1778 etiam
709 1745 860 1792 partus
893 1739 1156 1794 quicumque
1190 1745 1390 1781 creantur

287 1794 434 1836 Tauro
459 1795 691 1850 complecti
724 1798 920 1851 cupiunt,
952 1799 1028 1838 sed
1061 1812 1191 1851 saepe
1223 1803 1475 1851 queruntur.

288 1866 484 1907 quosque
515 1854 685 1895 dabunt
719 1854 882 1896 Chelae
916 1855 1176 1909 Geminique
1209 1862 1249 1896 et
1283 1855 1505 1909 Aquarius
1537 1860 1668 1904 ortus,

288 1925 422 1951 unum
456 1918 609 1965 pectus
642 1912 807 1953 habent
841 1912 1029 1966 fideique
1062 1913 1286 1955 immobile
1319 1913 1521 1963 uinclum,
1685 1921 1750 1960 630

289 1966 494 2026 [magnus
527 1971 608 2011 erit
640 1970 824 2023 geminis
856 1985 981 2013 amor
1013 1978 1054 2012 et
1088 1971 1318 2014 concordia
1350 1968 1548 2027 duplex‚]

288 2040 469 2081 magnus
502 2034 545 2069 et
578 2028 619 2068 in
653 2028 816 2070 multos
849 2030 996 2070 ueniet
1028 2043 1248 2072 successus
1279 2029 1454 2070 amicos.

289 2085 495 2138 Scorpios
527 2091 570 2127 et
604 2085 774 2128 Cancer
805 2087 992 2128 fraterna
1024 2088 1065 2128 in
1098 2089 1274 2129 nomina
1305 2088 1471 2128 ducunt

288 2158 344 2184 ex
375 2149 515 2184 semet
547 2145 750 2198 genitos;
784 2158 861 2186 nec
893 2159 979 2186 non
1012 2152 1055 2187 et
1090 2146 1285 2187 Piscibus
1317 2145 1401 2187 orti

333 2310 394 2340 601
422 2309 514 2349 ipsas
534 2309 621 2349 (una
639 2309 742 2341 littera
754 2313 831 2361 post
845 2310 879 2350 ip
896 2311 1003 2353 emsa)
1022 2311 1050 2341 L
1198 2313 1262 2343 602
1286 2313 1374 2343 seuit
1391 2311 1480 2343 codd.
1585 2311 1753 2351 nequities

293 2352 390 2383 GL2·
383 2377 390 2383 .
416 2354 591 2392 nequieies
610 2354 672 2384 M.
696 2354 865 2393 nequitias
883 2353 925 2384 L¹
1004 2355 1117 2386 uincat
1134 2355 1177 2385 L1
1196 2367 1202 2385 :
1226 2356 1367 2387 uincunt
1389 2356 1463 2386 Ven.
1598 2357 1662 2394 604
1687 2364 1753 2394 pax

291 2396 602 2436 Regtomontanns·
628 2408 706 2438 pars
722 2398 813 2429 codd.
959 2403 1009 2429 est
1026 2399 1060 2429 in
1079 2399 1171 2429 nulla
1187 2399 1323 2430 editione
1339 2403 1414 2430 anie
1429 2399 1590 2440 Scaltgeri
1598 2400 1752 2438 primam

291 2439 424 2470 i‘nuem:
451 2446 485 2470 et
503 2440 593 2473 codd.
727 2443 792 2480 605
817 2442 999 2481 paucisque
1017 2443 1167 2481 Bentley:
1193 2443 1355 2483 pacisque
1371 2442 1458 2474 codd.
1579 2444 1643 2482 607
1668 2442 1754 2473 sorte

292 2483 335 2513 M
437 2485 503 2514 608
528 2485 731 2524 dignoscere
752 2485 829 2517 Ven.
950 2486 1014 2525 609
1038 2486 1192 2516 feruntur
1211 2486 1251 2517 Gl
1376 2488 1441 2517 610
1464 2487 1651 2526 lanigerum
1669 2485 1758 2516 L1M

291 2529 353 2557 611
383 2532 434 2557 est
452 2532 566 2559 tamen
585 2534 637 2559 est
654 2529 696 2558 M
839 2531 902 2567 615
926 2534 1088 2560 constans
1104 2530 1256 2569 Bentley:
1280 2534 1436 2561 constant
1451 2530 1541 2561 codd.
1689 2531 1755 2568 619

291 2575 393 2610 atque
412 2571 444 2600 in
463 2571 566 2602 Ellis:
592 2577 627 2602 at
643 2572 725 2611 quin
746 2572 791 2604 G:
818 2577 851 2603 at
869 2582 942 2602 cum
962 2573 1035 2603 LM
1163 2573 1296 2613 lanigiri
1318 2573 1345 2604 G
1479 2578 1613 2605 creatus
1629 2572 1751 2613 scripsi,

291 2614 329 2653 cf
349 2616 412 2653 627
429 2626 435 2645 :
462 2615 596 2653 trigono
613 2615 703 2647 codd.
865 2617 931 2647 620
948 2617 1061 2666 'parcit
1080 2616 1177 2648 GL2:
1201 2622 1316 2657 parcet
1334 2616 1421 2647 L1M
1433 2616 1510 2648 Ven.
1689 2618 1750 2646 621

293 2657 421 2688 ueritas
447 2658 489 2688 M
684 2659 794 2698 magis
819 2670 917 2699 quam
946 2660 1068 2691 iniuria
1094 2661 1228 2701 sempsc:
1264 2661 1370 2700 magis
1396 2671 1456 2700 pro
1483 2666 1637 2701 tempore
1662 2659 1750 2691 codd.

292 2702 358 2732 622
382 2701 529 2741 duplicis
550 2702 625 2733 Ven.
880 2705 945 2743 623
969 2704 1021 2735 cui
1037 2703 1125 2735 codd.
1284 2714 1405 2735 nemee
1424 2707 1580 2746 (nemeae
1598 2704 1642 2743 L)
1662 2703 1750 2735 codd.

292 2746 358 2783 624
383 2745 521 2784 querela
537 2746 566 2776 L
785 2748 850 2778 628
874 2757 957 2787 sepe
977 2747 1014 2782 G,
1036 2752 1073 2778 ut
1086 2753 1178 2788 saepe
1406 2750 1472 2789 629
1495 2747 1698 2786 Geminique
1720 2752 1754 2778 et

290 2788 396 2827 Jacob
412 2800 419 2820 :
443 2794 477 2820 et
494 2799 577 2829 quos
594 2789 652 2821 dat
668 2789 756 2820 codd.
941 2792 1002 2830 631
1029 2791 1152 2830 effinxit
1165 2791 1432 2834 an‘ncontm'us,
1450 2791 1609 2834 expunxit
1621 2790 1756 2831 Bentley

996 2847 1049 2902 38
