1934 3220
272 159 503 200 MANILI

274 272 343 313 hic
376 273 514 326 poscit
547 274 745 325 quintam
778 279 946 326 partem
979 273 1217 314 centesima
1249 287 1431 326 summa,
1664 288 1728 320 335

274 329 357 371 illic
389 331 553 372 amittit
585 331 813 373 decimam.
875 332 935 373 sic
966 332 1172 372 conuenit
1205 333 1326 372 ordo.

273 396 316 430 et
348 388 637 442 quiscumque
668 395 821 442 quater
852 390 1024 429 iunctus
1056 388 1173 430 fauet
1203 389 1387 441 angulus
1420 403 1572 443 usque,

273 459 474 500 quaeque
505 447 600 488 loca
633 447 674 486 in
706 446 861 499 triplici
893 447 1073 500 signarit
1105 447 1217 487 linea
1249 448 1393 495 ductu,

274 518 372 545 cum
405 504 579 557 signata
610 504 707 545 uiae
740 504 906 557 linquet
939 505 1163 558 dispendia
1195 511 1327 555 recta,

273 563 340 602 his
370 571 523 603 natura
554 563 676 603 dedit
707 563 928 603 communi
961 562 1137 604 foedera
1169 562 1264 616 lege
1665 579 1730 611 340

275 621 405 673 inque
437 620 574 661 uicem
608 619 790 661 affectus
823 627 866 661 et
899 627 1050 661 mutua
1084 621 1176 662 iura
1209 620 1386 662 fauoris.

274 677 476 731 quocirca
507 692 592 719 non
624 679 767 718 omnis
798 678 931 719 habet
961 680 1161 732 genitura
1192 679 1372 732 trigonis
1665 695 1730 728 342

275 749 534 777 consensum
567 736 714 790 signis,
747 749 824 777 nec
857 750 955 778 cum
988 742 1088 778 sunt
1120 737 1231 779 forte
1262 737 1489 790 quadrata,
1667 752 1732 785 345

274 793 482 835 continuo
514 794 626 836 inter
655 808 702 835 se
732 801 905 835 seruant
937 795 1198 836 commercia
1232 809 1387 837 rerum.

276 852 409 893 distat
441 852 570 902 enim,
603 858 749 907 partes
780 859 1010 894 consumat
1042 852 1154 894 linea
1186 854 1331 903 iustas,

277 911 549 952 detractetne
582 911 760 951 modum
795 911 976 963 numeri,
1007 925 1138 964 quem
1170 911 1353 952 circulus
1385 910 1539 961 ambit,

275 981 386 1009 nunc
419 969 497 1010 tris
528 968 701 1018 efficiat,
734 982 847 1010 nunc
879 975 1088 1022 quattuor
1119 969 1309 1022 undique
1339 970 1509 1019 ductus,

275 1040 385 1080 quos
418 1026 459 1066 in
493 1025 615 1079 plura
648 1027 767 1067 iubet
799 1027 910 1068 ratio
943 1028 1177 1081 procedere
1207 1028 1330 1081 signa
1662 1045 1727 1077 350

275 1085 507 1136 interdum,
539 1098 669 1138 quam
703 1091 804 1127 sunt
836 1086 1023 1126 numeris
1056 1092 1298 1126 memorata
1330 1099 1408 1139 per
1439 1086 1604 1127 orbem.

276 1142 351 1183 sed
385 1142 514 1197 longe
547 1143 685 1184 maior
716 1144 780 1185 uis
812 1150 878 1185 est
910 1157 987 1198 per
1017 1143 1141 1196 signa
1172 1144 1332 1197 trigoni

276 1214 409 1254 quam
443 1201 601 1253 quibus
633 1208 697 1242 est
729 1201 880 1243 titulus
912 1203 992 1242 sub
1025 1208 1181 1255 quarto
1213 1215 1390 1256 quoque
1421 1202 1659 1255 quadratis.

276 1258 403 1300 altior
434 1265 499 1299 est
531 1259 686 1299 horum
719 1266 942 1301 summoto
974 1259 1088 1301 linea
1120 1260 1300 1313 templo,

277 1317 349 1357 illa
383 1318 521 1371 magis
554 1318 694 1358 uicina
727 1324 844 1359 meat
875 1317 1085 1371 caeloque
1116 1318 1290 1368 recedit,
1671 1334 1732 1367 355

277 1382 321 1416 et
354 1376 532 1428 propius
564 1382 702 1417 terras
733 1376 898 1417 accedit
931 1377 1049 1417 uisus
1082 1390 1233 1418 eorum

277 1447 465 1486 aeraque
497 1433 702 1474 infectum
736 1441 906 1475 nostras
938 1435 1131 1476 demittit
1162 1434 1217 1475 ad
1250 1448 1387 1477 auras.

336 1492 440 1544 quin
473 1491 608 1532 dubia
640 1491 814 1532 alternis
845 1492 950 1533 data
981 1499 1081 1534 sunt
1112 1493 1374 1534 commercia
1406 1493 1538 1547 signis

278 1555 430 1590 mutua
462 1563 540 1590 nec
573 1563 732 1603 magno
762 1564 976 1592 consensu
1009 1550 1184 1592 foedera
1216 1558 1404 1599 seruant,

277 1608 415 1648 inuita
447 1615 636 1660 angusto
667 1608 786 1661 quod
819 1608 932 1650 linea
963 1608 1150 1650 flectitur
1180 1609 1297 1650 orbe.
1670 1617 1734 1657 360

277 1679 378 1706 nam
411 1679 510 1707 cum
544 1666 830 1720 praecludens
861 1666 1075 1708 formatur
1106 1667 1277 1720 singula
1309 1667 1431 1709 limes

277 1723 430 1772 sidera,
464 1730 507 1764 et
539 1724 707 1766 alterno
739 1725 980 1766 deuertitur
1010 1725 1196 1779 angulus
1227 1731 1357 1776 astro,

278 1795 443 1835 sexque
474 1795 551 1835 per
582 1782 801 1824 anfractus
833 1789 1038 1824 curuatur
1069 1783 1239 1835 uirgula
1270 1784 1313 1824 in
1344 1783 1509 1833 orbem,

276 1853 301 1880 a
333 1839 481 1880 Tauro
513 1841 632 1881 uenit
664 1841 707 1881 in
741 1841 972 1891 Cancrum,
1008 1848 1100 1883 turn
1133 1841 1311 1895 Virgine
1343 1848 1460 1883 tacta

279 1897 494 1950 Scorpion
527 1898 781 1952 ingreditur,
816 1905 908 1939 tum
943 1906 1000 1949 te,
1033 1899 1310 1952 Capricorne‚
1343 1900 1556 1954 rigentem
1671 1907 1736 1948 365

276 1963 318 1996 et
353 1955 563 1997 Geminos
595 1971 620 1998 a
651 1963 695 1998 te
728 1957 871 1998 Pisces
902 1971 1140 2011 auersaque
1171 1958 1304 1998 Tauri

277 2014 420 2054 sidera
450 2015 707 2067 contingens
741 2014 835 2056 finit
867 2029 954 2068 qua
986 2022 1191 2070 coeperat
1222 2017 1388 2057 orbem.

277 2071 457 2113 alterius
489 2073 647 2114 ductus
679 2071 800 2114 locus
831 2080 897 2114 est
928 2087 1006 2128 per
1036 2075 1218 2115 transita
1249 2075 1385 2127 signa,

276 2137 411 2183 utque
442 2144 491 2171 ea
524 2136 771 2185 praetereas
803 2145 917 2185 quae
948 2139 1049 2174 sunt
1081 2132 1185 2172 mihi
1218 2132 1391 2185 singula
1422 2132 1552 2182 dicta,

317 2231 379 2261 337
405 2221 540 2252 iunctus
557 2221 862 2262 Regiomontanns:
889 2222 1020 2254 cunctis
1036 2222 1126 2254 codd.
1327 2224 1391 2262 338
1415 2223 1558 2263 signarit
1574 2222 1669 2253 GL²:
1694 2222 1738 2253 si-

277 2270 398 2304 gnaret
415 2263 520 2295 L1M:
544 2265 694 2305 signarat
715 2265 790 2297 Ven.
905 2275 970 2306 339
993 2266 1099 2305 liquet
1114 2266 1158 2297 L1
1248 2271 1335 2298 tecta
1354 2266 1395 2296 M
1500 2276 1560 2306 341
1586 2266 1738 2297 adfectus

277 2309 364 2339 L¹M
505 2319 568 2349 342
592 2309 740 2348 trigonis
756 2309 859 2341 L1M:
885 2311 1043 2350 trigonos
1063 2310 1136 2341 GL2
1287 2320 1394 2350 343—4
1413 2325 1441 2336 =
1458 2311 1590 2349 318—19
1612 2310 1741 2341 seclusit

276 2352 410 2393 Bentley
541 2362 605 2392 343
627 2359 839 2384 consummet
857 2353 902 2385 G:
926 2359 1097 2385 consensi]
1119 2354 1198 2385 Vcn.
1338 2364 1402 2393 344
1427 2359 1540 2394 partes
1559 2353 1608 2384 G:
1634 2354 1739 2393 partis

277 2395 351 2426 LM
435 2396 571 2436 trigona
592 2396 667 2429 Ven.
809 2407 872 2437 345
898 2407 1107 2428 concensum
1124 2397 1166 2428 M
1253 2408 1372 2428 necum
1390 2397 1423 2437 (c
1440 2403 1512 2438 sup.
1531 2407 1573 2428 cu
1589 2397 1668 2437 scr.)
1687 2397 1716 2428 L
1731 2408 1738 2428 τ

276 2449 396 2470 uecum
415 2439 456 2469 M
619 2442 683 2480 346
708 2441 870 2472 continuo
886 2441 1176 2481 Regiomonlanns
1191 2452 1197 2471 :
1222 2442 1380 2472 continua
1396 2440 1484 2473 codd.
1576 2451 1738 2472 commer-

276 2484 322 2514 tia
340 2483 370 2514 G
495 2494 558 2523 347
583 2485 673 2515 enim
691 2495 733 2516 an
751 2489 865 2524 partes
881 2484 971 2516 codd.
989 2496 996 2516 ε
1021 2495 1098 2516 corr.
1118 2485 1253 2524 Bentley
1342 2485 1421 2516 linei
1440 2486 1480 2526 (2)
1501 2485 1542 2517 G1
1674 2486 1739 2524 348

276 2528 509 2566 detractetque
527 2527 616 2559 codd.
633 2539 640 2559 :
665 2539 742 2559 corr.
763 2528 896 2569 Bentley
1092 2539 1157 2568 349
1179 2529 1300 2560 efficiat
1318 2529 1485 2569 Scaliger:
1509 2529 1631 2560 efficiet
1647 2528 1737 2560 codd.

276 2580 342 2610 350
365 2570 458 2602 iubet
475 2571 641 2612 Scaliger:
668 2573 763 2604 iuuet
777 2572 866 2604 codd.
958 2573 1105 2612 procede
1123 2571 1165 2602 M
1303 2582 1366 2612 352
1391 2573 1452 2603 sed
1469 2573 1577 2604 maior
1593 2573 1646 2603 ius
1663 2573 1737 2612 (sed

277 2615 383 2645 maior
399 2614 432 2644 in
451 2625 514 2646 ras.
531 2625 538 2645 :
562 2616 661 2655 longe
677 2621 749 2656 sup.
767 2615 825 2647 lin.
844 2615 939 2654 add.)
957 2616 986 2646 L
1106 2625 1169 2655 353
1193 2617 1380 2655 quadratus
1399 2615 1441 2646 G¹
1560 2625 1624 2655 354
1648 2626 1738 2646 sum-

277 2662 368 2689 mota
385 2657 437 2689 G:
461 2659 615 2689 submoto
633 2659 688 2691 M:
715 2660 776 2690 sub
794 2664 886 2690 moto
902 2659 932 2690 L
1057 2669 1121 2699 355
1145 2660 1253 2691 credit
1270 2659 1312 2689 M
1433 2661 1497 2700 356
1519 2659 1678 2700 proprius
1695 2659 1737 2690 L¹

276 2701 401 2743 terras]
421 2702 527 2733 intras
543 2702 585 2732 M
713 2713 776 2742 357
801 2703 963 2734 infectum
981 2703 1028 2734 G:
1054 2704 1248 2734 ineffectum
1268 2704 1449 2744 (espunxit
1464 2703 1508 2744 L)
1523 2703 1597 2734 LM
1681 2703 1739 2734 de-

278 2745 380 2776 mittit
397 2744 470 2778 dett.
489 2757 495 2776 :
520 2746 656 2777 dimittit
669 2746 758 2777 codd.
776 2759 782 2777 z
808 2747 946 2778 dimittit
964 2752 1081 2779 noster
1097 2748 1129 2778 in
1151 2747 1219 2778 Vbn.
1305 2748 1368 2786 358
1384 2751 1459 2778 ante
1469 2747 1600 2779 huncu.
1617 2746 1738 2777 lemma

280 2790 315 2820 in
335 2788 393 2820 GL
412 2800 519 2830 marg.
539 2794 569 2820 et
583 2790 625 2820 M
639 2790 680 2820 de
698 2791 805 2829 signis
822 2792 988 2829 exagonis
1118 2791 1199 2830 quin
1221 2791 1321 2822 dubia
1339 2791 1470 2831 scripsi:
1493 2790 1658 2829 dubiaque
1677 2789 1737 2820 6¹:

282 2834 407 2873 duuaq;
425 2832 486 2864 M:
512 2835 677 2873 deuiaque
692 2833 752 2865 G2:
775 2835 918 2874 euiaque
932 2835 960 2864 L
1050 2836 1108 2875 361
1132 2835 1357 2875 praecludens
1371 2836 1504 2875 scripffl:
1526 2833 1739 2875 pr(a)edales

982 2902 1033 2933 22
